=LDR  01420aam a2200253   4500
=001  2911
=008  210518s1801\\\\\\\|||||\||||\00|\0\fre\d
=041  \\$afre
=100  \\$aLanglé, Honoré$d1741-1807$4aut$1http://www.wikidata.org/entity/Q322867$97031
=245  \\$aNouvelle méthode pour chiffrer les accords
=260  \\$aParis$bConservatoire de musique$c1801
=300  \\$a75 pages$b5 folded sheets of music examples
=500  \\$aHonoré François Marie Langlé (1741–1807) was a French theorist of music of Monegasque origin, composer, and author of 'Traité d'harmonie et de modulation' (Paris: Boyer, 1795).
=561  \\$aEx biblioteca 'Libreria musicale Gallini', Milan (embossed stamp)
=648  \0$a19th Century (1801-1900)$1http://www.wikidata.org/entity/Q6955$920935
=650  \0$aMethod$1http://www.wikidata.org/entity/Q2250960$921402
=650  \0$aHarmony$1http://www.wikidata.org/entity/Q184421$92358
=650  \0$aBasso continuo$1http://www.wikidata.org/entity/Q724321$921065
=650  \0$aNotation$1http://www.wikidata.org/entity/Q233861$91964
=651  \0$aParis (France)$1http://www.wikidata.org/entity/Q90$9160
=856  \\$uhttps://books.google.be/books?id=fsk9AAAAcAAJ$3Google Books
=942  \\$cBOO
=952  \\$00$10$2ddc$40$6KTS_1_000000000000000_C2_50_10G14$70$8RAR$92911$aORPH$bORPH$cKTS1_C2$d2020-07-08$eKoopman$l0$oKTS1 C2.50 10G14$p20139825$r2021-01-12 00:00:00$w2021-01-12$yBOO
=999  \\$d2911

