=LDR  01586    a2200301   4500
=001  2913
=005  20251001162312.0
=008  221201s1860\\\\||||||||\||||\00|\0\ger\d
=041  \\$ager
=100  \\$aNohl, Ludwig$d1831-1885$4aut$1http://www.wikidata.org/entity/Q97494$97189
=245  \\$aW. A. Mozart. Ein Beitrag zur Aesthetik der Tonkunst
=250  \\$a1st ed.
=260  \\$aHeidelberg$bBangel$bSchmitt$c1860
=300  \\$a82 pages
=500  \\$aDissertation of Ludwig Nohl (1831-1885)
=500  \\$aLudwig Nohl (1831-1885) was a German music scholar and writer best known for discovering and publishing Beethoven's famous bagatelle, "Für Elise"
=561  \\$aEx libris Musikschule Zurich (stamp) & Museum Gesellschaft in Zurich (stamp)
=600  \0$aMozart, Wolfgang Amadeus$d1756-1791$1http://www.wikidata.org/entity/Q254$95341
=648  \0$a19th Century (1801-1900)$1http://www.wikidata.org/entity/Q6955$920935
=650  \0$aMusic history$1http://www.wikidata.org/entity/Q846047$921373
=650  \0$aMusic philosophy and aesthetics$1http://www.wikidata.org/entity/Q2092865$921165
=651  \0$aHeidelberg (Germany)$1http://www.wikidata.org/entity/Q2966$921984
=653  \0$aBeethoven$327-38, 53, 56, 72-81$020139827$w10G16$929355
=653  \0$aHaydn, J.$326-33$020139827$w10G16$932639
=856  \\$uhttps://books.google.mu/books?id=Nv2IgMNyL7wC$3Google Books
=942  \\$cDIS
=952  \\$00$10$2ddc$40$6KTS_1_000000000000000_C2_50_10G16$70$8RAR$92913$aORPH$bORPH$cKTS1_C2$d2020-07-08$eKoopman$l0$oKTS1 C2.50 10G16$p20139827$r2021-01-12 00:00:00$w2021-01-12$yBOO
=999  \\$d2913

