=LDR  01200aam a2200229   4500
=001  2915
=005  20250925143255.0
=008  221201s1907\\\\||||||||\||||\00|\0\dut\d
=041  \\$adut
=100  \\$aGorter, Herman$d1864-1927$4aut$1http://www.wikidata.org/entity/Q325191$95069
=245  \\$aHet historisch materialisme voor arbeiders verklaard
=250  \\$a1st ed.
=260  \\$aAmsterdam$bTribune$c1907
=300  \\$a111 pages
=500  \\$aHerman Gorter was a Dutch poet and socialist. He was a leading member of the Tachtigers, a highly influential group of Dutch writers who worked together in Amsterdam in the 1880s, centered on De Nieuwe Gids (The New Guide) an illustrated literary periodical. 
=648  \0$a20th Century (1901-2000)$1http://www.wikidata.org/entity/Q6927$920936
=650  \0$aPhilosophy$1http://www.wikidata.org/entity/Q5891$92357
=650  \0$aPolitics$1http://www.wikidata.org/entity/Q7163$921826
=651  \0$aNetherlands$1http://www.wikidata.org/entity/Q55$9173
=942  \\$cBOO
=952  \\$00$10$2ddc$40$6KTS_1_000000000000000_C2_51_10G18$70$8RAR$92915$aORPH$bORPH$cKTS1_C2$d2020-07-08$eKoopman$l0$oKTS1 C2.51 10G18$p20139830$r2021-01-12 00:00:00$w2021-01-12$yBOO
=999  \\$d2915

