=LDR  01555aam a2200301   4500
=001  2916
=005  20250925143255.0
=008  210318s1904\\\\\\\|||||\||||\00|\0\dut\d
=041  \\$adut$hger
=245  \\$aHet communistisch manifest
=260  \\$aAmsterdam$bBrochurenhandel der S.D.A.P.$cs.d. [1904]
=300  \\$ax-33 pages$bwithout cover
=500  \\$ahttps://en.wikipedia.org/wiki/The_Communist_Manifesto
=500  \\$aoriginally published in 1848
=534  \\$aGerman version originally published in 1848; Dutch translation originally published in 1904
=648  \0$a20th Century (1901-2000)$1http://www.wikidata.org/entity/Q6927$920936
=648  \0$a19th Century (1801-1900)$1http://www.wikidata.org/entity/Q6955$920935
=650  \0$aHistory$1http://www.wikidata.org/entity/Q309$921403
=650  \0$aPolitics$1http://www.wikidata.org/entity/Q7163$921826
=650  \0$aPamphlet$1http://www.wikidata.org/entity/Q190399$921379
=700  \\$4aut$aMarx, Karl$d1818-1883$1http://www.wikidata.org/entity/Q9061$97190
=700  \\$4aut$aEngels, Friedrich$d1820-1895$1http://www.wikidata.org/entity/Q34787$97191
=700  \\$4trl$aGorter, Herman$d1864-1927$1http://www.wikidata.org/entity/Q325191$95069
=765  \\$aManifest der Kommunistischen Partei
=856  \\$uhttps://www.marxists.org/nederlands/marx-engels/1848/manifest/manif1.htm
=942  \\$cBOO
=952  \\$00$10$2ddc$40$6KTS_1_000000000000000_C2_51_10G19$70$8RAR$92916$aORPH$bORPH$cKTS1_C2$d2020-07-08$eKoopman$l0$oKTS1 C2.51 10G19$p20139833$r2021-01-12 00:00:00$w2021-01-12$yBOO
=999  \\$d2916

