=LDR  01640aam a2200301   4500
=001  2920
=008  221206b\\\\\\\\||||||||\||||\00|\p\ger\d
=041  \\$ager
=100  \\$aRamler, Karl Wilhelm$d1725-1798$4aut$1http://www.wikidata.org/entity/Q63617$96250
=245  \\$aDer Tod Jesu.$bEine Cantate
=260  \\$as.l.$bs.n.$c1759 or later
=300  \\$a16 pages$bwithout cover
=500  \\$aThis text published after 1759 (death of Graun)
=500  \\$aDer Tod Jesu (The Death of Jesus) is an oratorio libretto by Karl Wilhelm Ramler. In its setting by Carl Heinrich Graun in 1755, it was the most often performed Passion of the 18th century in Germany. 
=500  \\$ahttps://en.wikipedia.org/wiki/Der_Tod_Jesu
=561  \\$aEx libris St. Petri Kirche (Stamp)
=590  \\$aNach des verstorbenen Herrn Kapelmeister Grauns Composition
=600  \0$aGraun, Carl Heinrich$d1704-1759$1http://www.wikidata.org/entity/Q161208$96249
=648  \0$a18th Century (1701-1800)$1http://www.wikidata.org/entity/Q7015$920899
=650  \0$aLute$1http://www.wikidata.org/entity/Q180733$93944
=650  \0$aLibretto$1http://www.wikidata.org/entity/Q131084$94031
=650  \0$aOratorio$1http://www.wikidata.org/entity/Q85477$91825
=650  \0$aPassion$1http://www.wikidata.org/entity/Q781815$92006
=650  \0$aCantata$1http://www.wikidata.org/entity/Q174873$921603
=651  \0$aBerlin (Germany)$1http://www.wikidata.org/entity/Q64$948
=942  \\$cBOO
=952  \\$00$10$2ddc$40$6KTS_1_000000000000000_C2_51_10G23$70$8RAR$92920$aORPH$bORPH$cKTS1_C2$d2020-07-08$eKoopman$l0$oKTS1 C2.51 10G23$p20139832$r2021-01-12 00:00:00$w2021-01-12$yBOO
=999  \\$d2920

