=LDR  03436    a2200385   4500
=001  2923
=005  20250923161049.0
=008  221122s1614\\\\|||gp|||\||||\00|\0\lat\d
=041  \\$alat
=059  \\$av
=100  \\$aPetricovius, Andreas$d15xx-1645$4edt$97198
=245  \\$aPsalterium
=260  \\$aKrakow$bPetrocovius$c1614
=300  \\$a[iv]-277-[3] pages$bWhole book printed in red and black ink, leather bound, embossed cover, metal locks, illuminated initial letters, music examples$c32x24 cm
=500  \\$amagnificent work
=500  \\$aoriginally published in 1599. Two existing examples in National Library of Poland, Warsaw, Shelfmark SD XVI. F.1000 and 1009, available online http://polona.pl
=500  \\$aThis edition of 1604 has long been assumed to be preserved in the unique copy held in the Library of Wyzsze Seminarium Duchowne in Przemysl (Shelfmark XVIII.683) See article M. Komorowska
=500  \\$aEditor of this Psalterium, Andreas Petricovius, was a lawyer, professor at the University of Krakow, doctor of philosophy and law, printer and publisher, royal secretary and servitor, Knight of the Golden Spur. The son of Andrzej the Elder, a Krakow printer and bookseller, from Piotrków, and Jadwiga née Prężyków. In 1604, he obtained a bachelor's degree in arts and philosophy at the University of Krakow, and continued his studies in Italy, France and Germany. After returning in 1615, he was delegated to Zamość to take the chair of logic at the Zamość Academy in 1620. After obtaining a doctorate in both laws at the University of Kraków, he went to Poznań, where he became rector and professor of law at the Lubrański College. A year later, after the death of his father, he returned to Kraków and entered the university's Law College. He took over his father's printing house, where he published over 230 legal (he had the exclusive right to print parliamentary constitutions), scientific and religious items. 
=500  \\$amanuscript annotations on title page and back matter
=504  \\$aMagdalena KOMOROWSKA, Post-Tridentine Liturgical Books for the Polish Church. Printed Chant Books from Kraków and their Context. https://www.ejournals.eu/pliki/art/16442/
=590  \\$aSecundum ritum Officij Romani, ex Decreto Sacrosancti Consilij Tridentini restituti, per hebdomadam dispositum. Cum Antiphonarum, Psalmorum, Hymnorum, totiusque Officij cantu & notis, ad uniformem Ecclesiarum per universas Regi Poloniae Provincias usum.
=648  \0$a17th Century (1601-1700)$1http://www.wikidata.org/entity/Q7016$920923
=650  \0$aAntiphonary$1http://www.wikidata.org/entity/Q1385360$921617
=650  \0$aCatholicism$1http://www.wikidata.org/entity/Q1841$921631
=650  \0$aHymn$1http://www.wikidata.org/entity/Q484692$921333
=650  \0$aPlainchant$1http://www.wikidata.org/entity/Q2707688$921363
=650  \0$aLiturgy$1http://www.wikidata.org/entity/Q172331$92284
=650  \0$aPsalter$1http://www.wikidata.org/entity/Q956165$925348
=650  \0$aPsalm$1http://www.wikidata.org/entity/Q12497663$92164
=651  \0$aPoland$1http://www.wikidata.org/entity/Q36$996
=653  \0$aharp$31, 3$020139763$w10H01$932582
=942  \\$cBOO
=952  \\$00$10$2ddc$40$6KTS_1_000000000000000_C2_37_10H01$70$8RAR$92923$aORPH$bORPH$cKTS1_C2$d2020-07-08$eKoopman$l0$oKTS1 C2.37 10H01$p20139763$r2021-01-12 00:00:00$w2021-01-12$yBOO
=999  \\$d2923
=533  \\$aDigitized by iGuana, Spring 2025.

