=LDR  02002adm a2200301   4500
=001  2925
=008  210325b\\\\\\\\\\\||i|||||||\00|\0\fre\d
=041  \\$afre
=100  \\$aRameau, Jean-Philippe$d1683-1764$4cmp$1http://www.wikidata.org/entity/Q1145$94787
=245  \\$aCastor et Pollux
=260  \\$as.l.$cafter 1737
=300  \\$a201 pages$b3 blank pages, staffed
=500  \\$aConductor score (cf. indications of performing instruments), lacks the Prologue
=500  \\$a"Manuscrit très intéressant. Je l’ai envoyé à l’éditeur de l’oeuvre, Denis Herlin, pour avis. Il ne s’agit pas, comme je le croyais, d’une copie en partition réduite de la 2e édition gravée de 1754 (E2 dans nos sigles), car on trouve de plus les parties intermédiaires des choeurs et quelques variantes. Denis pourra nous en dire plus dans le futur." (dixit Julien Dubruque, CMBV, 18 July 2023)
=533  \\$aDigitized by iGuana, Spring 2022
=534  \\$a'Castor et Pollux' was first performed on 24 October 1737 by the Académie royale de musique at its theatre in the Palais-Royal in Paris. 
=563  \\$aVellum binding
=610  \0$aOpéra-Comique (Paris, France)$1http://www.wikidata.org/entity/Q872222$920953
=648  \0$a18th Century (1701-1800)$1http://www.wikidata.org/entity/Q7015$920899
=650  \0$aOpera$1http://www.wikidata.org/entity/Q1344$92468
=650  \0$aMythology$1http://www.wikidata.org/entity/Q9134$921600
=651  \0$aFrance$1http://www.wikidata.org/entity/Q142$9131
=700  \\$4lbt$aBernard, Pierre-Joseph$d1710-1775$921062
=856  \\$uhttps://uv-v4.netlify.app/#?manifest=https://sharedcanvas.be/IIIF/manifests/24ee6ba6-4a1c-11ed-a739-92e36449f254$3IIIF
=856  \\$uhttps://sharedcanvas.be/IIIF/manifests/24ee6ba6-4a1c-11ed-a739-92e36449f254$3IIIF manifest
=942  \\$cMS
=952  \\$00$10$2ddc$40$6KTS_1_000000000000000_C2_37_10H03$70$8RAR$92925$aORPH$bORPH$cKTS1_C2$d2020-07-08$eKoopman$oKTS1 C2.37 10H03$p20136157$r2021-01-12 00:00:00$w2021-01-12$yMS
=999  \\$d2925

