=LDR  03132acm a2200349   4500
=001  2926
=005  20250926134853.0
=008  220906b\\\\\\\\|||||l||\||||\00|\0\ger\d
=041  \\$ager
=059  \\$akbd
=100  \\$aBach, Johann Sebastian$d1685-1750$4cmp$1http://www.wikidata.org/entity/Q1339$94766
=240  \\$a[BWV 806-817]
=245  \\$aDie 6 französischen Suiten - Die 6 englischen Suiten
=260  \\$aLeipzig$aLondon$aNew York$bSteingräber$bBowerman$bSchuberth$c190x
=300  \\$bMusic-seller's stamp at foot of title page$a147 pages
=490  \\$aJoh. Seb. Bach's Klavierwerke$v2/7
=500  \\$aThe editor Bischoff "was a phenomenon in terms of accuracy"; his critical editions in Steingräber-Verlag are "still of great importance today, because he was the first to list all the important variants in the foreword or in footnotes"; Editorial additions are “so clearly distinguished from the original text by the thin and small print that confusion is impossible” (cit.  Paul Badura-Skoda: Bach-Interpretation. Die Klavierwerke Johann Sebastian Bachs. Laaber, Laaber 1990, p.188)
Bischoff's "fame as an editor" had grown so much with the Bach edition that even after his death "numerous editions he had prepared were published and reissued well into the 20th century," (see Annette Oppermann: Musikalische Klassiker Ausgaben des 19. Jahrhundert . A study of German edition history using the example of Bach's Well-Tempered Clavier and Beethoven's piano sonatas. Vandenhoeck & Ruprecht, Goettingen 2001, p. 246.)
=500  \\$aBischoff's editions 'Klavier-Werke in sieben Bänden von Johann Sebastian Bach' were first published between 1880 & 1888. 
=500  \\$aEx libris Walter Henry James Emery, English organist and writer, from 1937 to 1969 an associate at Novello & Co. in the editorial department. He published 'The St. Matthew Passion: Its Preparation and Performance' (with Sir Adrian Boult; London, 1949), 'Bach’s Ornaments' (London, 1953), 'Editing Early Music: Notes on the Preparation of Printer’s Copy' (with T. Dart and C. Morris; London, 1963); commentaries on Bach’s organ works, etc.
=561  \\$aEx libris Walter Emery 1947 (manuscript)
=561  \\$aEx libris Arthur Beeley (manuscript)
=590  \\$aKritische Ausgabe mit Fingersatz und Vortragsbezeichnungen versehen von Dr. Hans Bischoff
=648  \0$a18th Century (1701-1800)$1http://www.wikidata.org/entity/Q7015$920899
=648  \0$a19th Century (1801-1900)$1http://www.wikidata.org/entity/Q6955$920935
=650  \0$aKeyboard music$1http://www.wikidata.org/entity/Q105715630$921412
=650  \0$aSuite$1http://www.wikidata.org/entity/Q203005$921718
=651  \0$aGermany$1http://www.wikidata.org/entity/Q183$9155
=700  \\$4win$4edt$aBischoff, Hans$d1852-1889$1http://www.wikidata.org/entity/Q4353943$97200
=700  \\$aEmery, Walter$d1909-1974$4asn$1http://www.wikidata.org/entity/Q52131118$97199
=942  \\$cSCO
=952  \\$00$10$2ddc$40$6KTS_1_000000000000000_C2_37_10H04$70$8RAR$92926$aORPH$bORPH$cKTS1_C2$d2020-07-08$eKoopman$l0$oKTS1 C2.37 10H04$p20139428$r2021-01-12 00:00:00$w2021-01-12$ySCO
=999  \\$d2926

