=LDR  01360acm a2200277   4500
=001  2928
=008  211222s1685\\\\\\\||a||\||||\00|\0\fre\d
=041  \\$afre
=059  \\$avv SATB orch
=100  \\$aLully, Jean-Baptiste$d1632-1687$4cmp$1http://www.wikidata.org/entity/Q1192$95867
=245  \\$aRoland.$bTragédie mise en musique
=260  \\$aParis$bBallard$c1685
=300  \\$a[vi]-lvi-344 pages
=500  \\$aGuillo 2021 n° 1685-I; RISM L 3027 and LL 3027
=500  \\$aEx libris Eva Nordenfelt-Åberg, a swedish harpsichordist (1936-1995)


=561  \\$aEx libris Nordenfelt Aberg (Plate)
=600  \0$aRoland$d?-778$1http://www.wikidata.org/entity/Q207535$923302
=610  \0$aOpéra (Paris, France)$1http://www.wikidata.org/entity/Q283339$920898
=648  \0$a17th Century (1601-1700)$1http://www.wikidata.org/entity/Q7016$920923
=650  \0$aOpera$1http://www.wikidata.org/entity/Q1344$92468
=651  \0$aParis (France)$1http://www.wikidata.org/entity/Q90$9160
=700  \\$4lbt$aQuinault, Philippe$d1635-1688$1http://www.wikidata.org/entity/Q379947$94911
=856  \\$uhttps://gallica.bnf.fr/view3if/ga/ark:/12148/btv1b90624088$3IIIF
=942  \\$cSCO
=952  \\$00$10$2ddc$40$6KTS_1_000000000000000_C2_38_10H06$70$8RAR$92928$aORPH$bORPH$cKTS1_C2$d2020-07-08$eKoopman$oKTS1 C2.38 10H06$p20139453$r2021-01-12 00:00:00$w2021-01-12$ySCO
=999  \\$d2928

