=LDR  01662aam a2200313   4500
=001  2929
=005  20250926134853.0
=008  220906s1799\\\\|||g||||\||||\00|\0\eng\d
=041  \\$aeng
=059  \\$av kbd org
=100  \\$aKollmann, Augustus Frederic Christopher$d1756-1829$4aut$1http://www.wikidata.org/entity/Q770392$97203
=245  \\$aAn Essay on Practical Musical Composition, $bAccording to the Nature of That Science, and the Principles of the Greatest Musical Authors
=250  \\$a2nd ed.
=260  \\$aLondon$bKollmann$c1799
=300  \\$axx-106-[2]-67 pages$bmusic examples
=500  \\$aOne of the first essays discussing J. S. Bach's 'Wohltemperiertes Klavier'
=500  \\$aKollmann was a German who was organist to the German chapel of St. James's Palace
=534  \\$aOriginally published in 1796
=561  \\$aEx libris Joseph C Bridge, Exeter College Oxford (manuscript)
=600  \0$aBach, Johann Sebastian$d1685-1750$1http://www.wikidata.org/entity/Q1339$94766
=648  \0$a18th Century (1701-1800)$1http://www.wikidata.org/entity/Q7015$920899
=650  \0$aComposing$1http://www.wikidata.org/entity/Q92186587$93076
=651  \0$aLondon (United Kingdom)$1http://www.wikidata.org/entity/Q84$9123
=700  \\$aBurney, Charles$d1726-1814$1http://www.wikidata.org/entity/Q547002$4dte$910020
=856  \\$uhttps://www.loc.gov/item/12018599/$3IIIF
=856  \\$uhttps://www.loc.gov/item/12018599/manifest.json$3IIIF manifest
=942  \\$cBOO
=952  \\$00$10$2ddc$40$6KTS_1_000000000000000_C2_38_10H07$70$8RAR$92929$aORPH$bORPH$cKTS1_C2$d2020-07-08$eKoopman$oKTS1 C2.38 10H07$p20139454$r2021-01-12 00:00:00$w2021-01-12$yBOO
=999  \\$d2929

