=LDR  01149acm a2200241   4500
=001  2930
=008  220906b\\\\\\\\|||||le|\||||\00|\0\eng\d
=041  \\$aeng
=059  \\$a2ob 2vn vla bc
=100  \\$aHandel, George Frideric$d1685-1759$4cmp$1http://www.wikidata.org/entity/Q7302$94765
=240  \\$aHWV 295-296
=245  \\$aTwo Concertos for the Organ and Harpsichord with the Instrumental Parts for Violins, Hoboys, &c., $bin Seven Parts. Second Set 
=260  \\$aLondon$bWright$c17xx
=300  \\$a6-6-4-5-4-4 pages
=500  \\$aComplete parts for orchestra, bound in.
=500  \\$aIncomplete, no part for harpsichord/organ
=648  \0$a18th Century (1701-1800)$1http://www.wikidata.org/entity/Q7015$920899
=650  \0$aInstrumental music$1http://www.wikidata.org/entity/Q639197$92106
=650  \0$aKeyboard music$1http://www.wikidata.org/entity/Q105715630$921412
=650  \0$aConcerto$1http://www.wikidata.org/entity/Q9748$921817
=942  \\$cSCO
=952  \\$00$10$2ddc$40$6KTS_1_000000000000000_C2_38_10H08$70$8RAR$92930$aORPH$bORPH$cKTS1_C2$d2020-07-08$eKoopman$oKTS1 C2.38 10H08$p20139456$r2021-01-12 00:00:00$w2021-01-12$ySCO
=999  \\$d2930

