=LDR  01431adm a2200277   4500
=001  2933
=008  210325b\\\\\\\\\\\||l|||||||\00|\0\ger\d
=041  \\$ager
=059  \\$akbd
=245  \\$aFreundschafts-Polka; Vielliebchen-Galopp; Polka; Schönbrunner Polka; Anna-Polka; Amoretten-Gallopp; Tyrolienne
=260  \\$aAustria [?]$c18xx
=300  \\$a12 pages
=533  \\$aDigitized by iGuana
=648  \0$a19th Century (1801-1900)$1http://www.wikidata.org/entity/Q6955$920935
=650  \0$aKeyboard music$1http://www.wikidata.org/entity/Q105715630$921412
=650  \0$aDance$1http://www.wikidata.org/entity/Q6034$924845
=700  \\$aSchröder$dfl. 19th century$4cmp$96324
=700  \\$aBerner, Louis$dfl. 19th century$4cmp$97204
=700  \\$aLabitzky, Joseph$d1802-1881$4cmp$1http://www.wikidata.org/entity/Q1350654$97205
=700  \\$aLumbye, Hans Christian$d1810-1874$4cmp$1http://www.wikidata.org/entity/Q1346808$97206
=700  \\$aHönniker, H.$dfl. 19th century$4cmp$97207
=856  \\$uhttps://uv-v4.netlify.app/#?manifest=https://sharedcanvas.be/IIIF/manifests/15a5afa7-497d-11ed-8eb8-f453c52e411b$3IIIF
=856  \\$uhttps://sharedcanvas.be/IIIF/manifests/15a5afa7-497d-11ed-8eb8-f453c52e411b$3IIIF manifest
=942  \\$cMS
=952  \\$00$10$2ddc$40$6KTS_1_000000000000000_C2_38_10H11$70$8RAR$92933$aORPH$bORPH$cKTS1_C2$d2020-07-08$eKoopman$oKTS1 C2.38 10H11$p20136155$r2021-01-12 00:00:00$w2021-01-12$yMS
=999  \\$d2933

