=LDR  01139acm a2200229   4500
=001  2935
=008  220906s1770\\\\|||||le|\||||\00|\0\fre\d
=041  \\$afre
=059  \\$avn vc
=100  \\$aEichner, Ernst$d1740-1777$4cmp$1http://www.wikidata.org/entity/Q473837$96165
=245  \\$aTrois sonates pour le clavecin avec l'accompagnement d'un violon & violoncelle ad libitum op. 2
=260  \\$aAmsterdam$bHummel$c1770c
=300  \\$a2 parts (7 + 4 pages)
=500  \\$aIncomplete. Missing harpsichord part
=648  \0$a18th Century (1701-1800)$1http://www.wikidata.org/entity/Q7015$920899
=650  \0$aInstrumental music$1http://www.wikidata.org/entity/Q639197$92106
=650  \0$aSonata$1http://www.wikidata.org/entity/Q131269$921653
=650  \0$aFreedom$1http://www.wikidata.org/entity/Q310735$923033
=856  \\$uhttps://imslp.org/wiki/3_Harpsichord_Trios%2C_Op.2_(Eichner%2C_Ernst)$3International Music Score Library Project
=942  \\$cSCO
=952  \\$00$10$2ddc$40$6KTS_1_000000000000000_C2_38_10H13$70$8RAR$92935$aORPH$bORPH$cKTS1_C2$d2020-07-08$eKoopman$oKTS1 C2.38 10H13$p20139461$r2021-01-12 00:00:00$w2021-01-12$ySCO
=999  \\$d2935

