=LDR  00882    a2200205   4500
=001  2937
=008  210325b\\\\\\\\\\\|||||\||||\00|\0\fre\d
=041  \\$afre
=100  \\$aGilliard, André$4aut$97210
=245  \\$aA. Gilliard 1771
=260  \\$as.l.$c17xx-1771
=300  \\$a143 pages
=500  \\$aTwo different handwritings, one from the early 18th century, another from the 1770s
=500  \\$aAccount book
=500  \\$a"Livre de comptes a priori sans intérêt pour la musique." (dixit Julien Dubruque, CMBV, 18 July 2023)
=648  \0$a18th Century (1701-1800)$1http://www.wikidata.org/entity/Q7015$920899
=650  \0$aEconomy$1http://www.wikidata.org/entity/Q159810$921625
=942  \\$cMS
=952  \\$00$10$2ddc$40$6KTS_1_000000000000000_C2_38_10H15$70$8RAR$92937$aORPH$bORPH$cKTS1_C2$d2020-07-08$eKoopman$oKTS1 C2.38 10H15$p20136154$r2021-01-12 00:00:00$w2021-01-12$yMS
=999  \\$d2937

