=LDR  01680    a2200325   4500
=001  2938
=008  220908s1792\\\\|||||a||\||||\00|\0\fre\d
=041  \\$afre
=059  \\$avv orch
=100  \\$aMéhul, Étienne Nicolas$d1763-1817$4cmp$1http://www.wikidata.org/entity/Q364020$96654
=245  \\$aStratonice.$bComédie héroïque en un acte en vers
=260  \\$aParis$bSieber$c1792
=300  \\$a[ii]-127 pages
=500  \\$alibretto: https://books.google.be/books?id=3e_WQzMsz80C
=500  \\$ahttps://en.wikipedia.org/wiki/Stratonice_(opera)
=500  \\$aAll spoken dialogues included
=590  \\$aReprésentée pour la premiere fois par les Comédiens Italiens le Jeudi 3 Mai 1792
=610  \0$aOpéra-Comique (Paris, France)$1http://www.wikidata.org/entity/Q872222$920953
=648  \0$a18th Century (1701-1800)$1http://www.wikidata.org/entity/Q7015$920899
=650  \0$aOpera$1http://www.wikidata.org/entity/Q1344$92468
=650  \0$aComedy$1http://www.wikidata.org/entity/Q40831$921436
=650  \0$aSingspiel$1http://www.wikidata.org/entity/Q377258$921709
=651  \0$aParis (France)$1http://www.wikidata.org/entity/Q90$9160
=653  \0$aboekprijs$3tp$020139463$w10H16$929701
=653  \\$aCousineau$3tp$930816$020139463$w10H16
=700  \\$4lbt$aHoffmann, François-Benoît$d1760-1828$1http://www.wikidata.org/entity/Q539301$96149
=856  \\$uhttps://archive.org/details/stratonicecomdie00mhul/page/n3/mode/2up?view=theater$3Internet Archive
=942  \\$cSCO
=952  \\$00$10$2ddc$40$6KTS_1_000000000000000_C2_38_10H16$70$8RAR$92938$aORPH$bORPH$cKTS1_C2$d2020-07-08$eKoopman$l0$oKTS1 C2.38 10H16$p20139463$r2021-01-12 00:00:00$w2021-01-12$ySCO
=999  \\$d2938

