=LDR  01570aam a2200217   4500
=001  2944
=005  20251003085455.0
=008  220908s1797\\\\||||||||\||||\00|\0\ger\d
=041  \\$ager
=245  \\$aInventarium oder Beschreibung der ienigen Vermögens welches auf erfolgtes Seel …Anno 1795
=260  \\$aNuremberg$c1797
=300  \\$a[67 pages]
=500  \\$aOld German handwriting
=500  \\$aDescribing the assets and debts of Georg Friedrich Uz, "Engineer Luitenant", dd 1795.
G. F. Utz (1742-1796) was a building inspector and architect in Nuremberg. His various works, from drawing to very rare maps, appear in the archives: around 1770 he made a drawing of a Carthusian Monastery in Nuremberg, in 1773 he signed as an architect on a rare separately published copper engraved map of Poland (Nova mappa geographica regni Poloniæ, magni dvcatvs Litvaniæ regni et dvcatvs occidentalis Borvssiæ…), and in 1787 he made a map of the Netherlands with a title "General-Karte über die VII Provinzen der vereinigten Niederlande, nebst dem Generalitæts-Lande".
=648  \0$a18th Century (1701-1800)$1http://www.wikidata.org/entity/Q7015$920899
=650  \0$aCatalogue$1http://www.wikidata.org/entity/Q2352616$921484
=650  \0$aHistory$1http://www.wikidata.org/entity/Q309$921403
=651  \0$aNuremberg (Germany)$1http://www.wikidata.org/entity/Q2090$921596
=942  \\$cMS
=952  \\$00$10$2ddc$40$6KTS_1_000000000000000_C2_38_10H21$70$8RAR$92944$aORPH$bORPH$cKTS1_C2$d2020-07-08$eKoopman$oKTS1 C2.38 10H21$p20139466$r2021-01-12 00:00:00$w2021-01-12$yMS
=999  \\$d2944

