=LDR  02903acm a2200493   4500
=001  2948
=005  20250926134827.0
=008  220908s1841\\\\|||||hf|\||||\00|\0\mul\d
=041  \\$alat$ager
=059  \\$ach
=100  \\$aNeithardt, August$4edt$97245
=245  \\$aSammlung religiöser Gesänge älterer und neuester Zeit$bzum bestimmten Begrauch für den Königl. Berliner Domchor
=260  \\$aBerlin$bBote & Bock$c1841
=300  \\$a109 pages$bloose pages
=490  \\$aMusica Sacra$v5/28
=500  \\$aloose pages, separate parts for nr.24
=648  \0$a16th Century (1501-1600)$1http://www.wikidata.org/entity/Q7017$920944
=648  \0$a17th Century (1601-1700)$1http://www.wikidata.org/entity/Q7016$920923
=648  \0$a18th Century (1701-1800)$1http://www.wikidata.org/entity/Q7015$920899
=648  \0$a19th Century (1801-1900)$1http://www.wikidata.org/entity/Q6955$920935
=650  \0$aReligion$1http://www.wikidata.org/entity/Q9174$93062
=650  \0$aChoral music$1http://www.wikidata.org/entity/Q1076513$94368
=651  \0$aBerlin (Germany)$1http://www.wikidata.org/entity/Q64$948
=700  \\$4cmp$aPalestrina, Giovanni Pierluigi da$dc. 1525-1594$1http://www.wikidata.org/entity/Q179277$910834
=700  \\$4cmp$aEccard, Johannes$d1553-1611$1http://www.wikidata.org/entity/Q61582$97246
=700  \\$4cmp$aBortniansky, Dmitri$d1751-1825$1http://www.wikidata.org/entity/Q316505$97247
=700  \\$4cmp$aDurante, Francesco$d1684-1755$1http://www.wikidata.org/entity/Q314221$96215
=700  \\$4cmp$aCorsi, F.$97248
=700  \\$4cmp$aLotti, Antonio$d1667-1740$1http://www.wikidata.org/entity/Q168345$97232
=700  \\$4cmp$aGallis$97249
=700  \\$4cmp$aHammerschmidt, Andreas$c1611-1675$1http://www.wikidata.org/entity/Q497864$97242
=700  \\$4cmp$aSchütz, Heinrich$d1585-1672$1http://www.wikidata.org/entity/Q153643$97240
=700  \\$4cmp$aSchröter, Johann Samuel$d1753-1788$1http://www.wikidata.org/entity/Q98237$97250
=700  \\$4cmp$aGraun, Carl Heinrich$d1704-1759$1http://www.wikidata.org/entity/Q161208$96249
=700  \\$4cmp$aBach, Johann Michael$d1648-1694$1http://www.wikidata.org/entity/Q505257$97251
=700  \\$4cmp$aMozart, Wolfgang Amadeus$d1756-1791$1http://www.wikidata.org/entity/Q254$95341
=700  \\$4cmp$aHaydn, Michael$d1737-1806$1http://www.wikidata.org/entity/Q490381$910333
=700  \\$4cmp$aNicolai, Otto$d1810-1849$1http://www.wikidata.org/entity/Q154602$97253
=700  \\$4cmp$aLöwe, Carl$d1796-1869$1http://www.wikidata.org/entity/Q158899$97254
=700  \\$4cmp$aGaerrich, W.$97255
=700  \\$4cmp$aMendelssohn-Bartholdy, Felix$d1809-1847$1http://www.wikidata.org/entity/Q46096$94998
=942  \\$cSCO
=952  \\$00$10$2ddc$40$6KTS_1_000000000000000_C2_38_10H22_05$70$8RAR$92948$aORPH$bORPH$cKTS1_C2$d2020-07-08$eKoopman$l0$oKTS1 C2.38 10H22_05$p20139471$r2021-01-12 00:00:00$w2021-01-12$ySCO
=999  \\$d2948

