=LDR  02785    a2200517   4500
=001  2951
=008  220301b\\\\\\\\|||g||||\||||\00|\0\mul\d
=041  \\$aita$afre
=059  \\$akbd
=100  \\$aFenaroli, Fedele$d1730-1818$4cmp$1http://www.wikidata.org/entity/Q3740837$96147
=245  \\$aPartimento ossia Basso numerato$bOpera Completa
=260  \\$aMilan$bRicordi$c18??
=300  \\$a[ii]-169 pages$bmusical examples
=500  \\$aIntroduction by Emanuele Imbimbo (Naples 1756-Paris 1839) italian composer and singing teacher
=504  \\$acontains index
=590  \\$aPer uso degli alumi del Reale Conservatorio di Napoli. A Nicola Zingarelli Maestro di S.Pietro in Roma Direttore del medesimo Conservatorio
=648  \0$a18th Century (1701-1800)$1http://www.wikidata.org/entity/Q7015$920899
=650  \0$aBasso continuo$1http://www.wikidata.org/entity/Q724321$921065
=650  \0$aPartimento$1http://www.wikidata.org/entity/Q2054960$921242
=650  \0$aMethod$1http://www.wikidata.org/entity/Q2250960$921402
=651  \0$aNaples (Italy)$1http://www.wikidata.org/entity/Q2634$921
=653  \0$aacciaccatura$347$020139476$w10H23$928450
=653  \0$aboekprijs$3tp$020139476$w10H23$929701
=653  \0$abc$3wb$020139476$w10H23$929236
=653  \0$abc naar componeren$313 etc., 98-114$020139476$w10H23$929270
=653  \0$aCimarosa$3viii$020139476$w10H23$930481
=653  \0$aonbecijferde partimenti$398-114$020139476$w10H23$935380
=653  \0$aoude muziek vroeger$3viii$020139476$w10H23$935658
=653  \0$aPergolesi$3viii$020139476$w10H23$935854
=653  \0$aenharmonie$331$020139476$w10H23$931475
=653  \0$aFenaroli, F.$3wb, 7, 8$020139476$w10H23$931654
=653  \0$aFenaroli, F.$349-einde$020139476$w10H23$931654
=653  \0$atemperatuur$32, 4, 6$020139476$w10H23$936807
=653  \0$aZingarelli, N.$3tp$020139476$w10H23$938149
=653  \0$akwint/oktaafparallellen$315$020139476$w10H23$933824
=653  \0$aMartini, Padre$32, 3$020139476$w10H23$934501
=653  \0$aMartini, Padre$347$020139476$w10H23$934501
=653  \\$acontrapunt oefeningen$3115-166$930700$020139476$w10H23
=653  \\$aImbimbo, E.$3vw$933046$020139476$w10H23
=653  \\$aklavecimbelstudie$356$933545$020139476$w10H23
=700  \\$4win$aImbimbo, Emanuele$d1756-1839$1http://www.wikidata.org/entity/Q55228642$924889
=700  \\$4dte$aZingarelli, Niccolò$d1752-1837$1http://www.wikidata.org/entity/Q505202$97037
=856  \\$uhttps://imslp.org/wiki/Partimenti_di_Fedele_Fenaroli_(Fenaroli,_Fedele)$3International Music Score Library Project
=942  \\$cBOO
=952  \\$00$10$2ddc$40$6KTS_1_000000000000000_C2_38_10H23$70$8RAR$92951$aORPH$bORPH$cKTS1_C2$d2020-07-08$eKoopman$oKTS1 C2.38 10H23$p20139476$r2021-01-12 00:00:00$w2021-01-12$yBOO
=999  \\$d2951

