=LDR  01294acm a2200253   4500
=001  2952
=008  220912s1757\\\\|||||a||\||||\00|\0\lat\d
=041  \\$alat
=059  \\$aSATB 2fl 2ob 2bsn 2hrn 2vn vla bc
=100  \\$aGraun, Carl Heinrich$d1704-1759$4cmp$1http://www.wikidata.org/entity/Q161208$96249
=245  \\$aTe Deum laudamus
=250  \\$a1st ed.
=260  \\$aLeipzig$bBreitkopf$c1757
=300  \\$a[ii]-134-[1] pages
=500  \\$aTaped on nearly every page
=648  \0$a18th Century (1701-1800)$1http://www.wikidata.org/entity/Q7015$920899
=650  \0$aReligion$1http://www.wikidata.org/entity/Q9174$93062
=650  \0$aVocal music$1http://www.wikidata.org/entity/Q685884$93319
=650  \0$aTe Deum$1http://www.wikidata.org/entity/Q743376$923511
=856  \\$uhttps://imslp.org/wiki/Te_Deum%2C_GraunWV_B:VI:2_(Graun%2C_Karl_Heinrich)$3International Music Score Library Project
=942  \\$cSCO
=952  \\$00$10$2ddc$40$6KTS_1_000000000000000_C2_38_10H24$70$8RAR$92952$aORPH$bORPH$cKTS1_C2$d2020-07-08$eKoopman$l0$oKTS1 C2.38 10H24$r2021-01-12 00:00:00$t20139473$w2021-01-12$ySCO
=952  \\$00$10$2ddc$40$6KTS_1_000000000000000_C2_38_10H24$70$8RAR$923911$aORPH$bORPH$cKTS1_C2$d2020-07-08$eKoopman$l0$oKTS1 C2.38 10H24$r2021-01-12 00:00:00$t20139473$w2021-01-12$ySCO
=999  \\$d2952

