=LDR  01362acm a2200289   4500
=001  2957
=005  20251003125332.0
=008  220912s1796\\\\|||||le|\||||\00|\0\fre\d
=041  \\$aita
=059  \\$avn
=100  \\$aSteibelt, Daniel$d1765-1823$4cmp$96174
=240  \\$a3 Quintets for Piano and Strings, Op. 28 (1797)
=245  \\$aQuintetti$n1-2
=260  \\$as.l.$bs.n.$cs.d.
=300  \\$a11-7 pages
=500  \\$aVn 1 part only; title pages are missing
=500  \\$aPart of 3 Quintets for Piano and Strings, Op. 28 (1797)
=500  \\$aBound in with Pleyel's 'Douze grandes sonates pour le forte-piano avec accompagnement... Op.31'
=648  \0$a18th Century (1701-1800)$1http://www.wikidata.org/entity/Q7015$920899
=650  \0$aString quintet$1http://www.wikidata.org/entity/Q937364$94575
=700  \\$aRichomme, Jacques-Alexandre$4egr$94764
=773  \\$02956 $tDouze grandes sonates pour le forte-piano avec Accompagnement de Violon et Violoncelle$w2956 
=856  \\$uhttps://gallica.bnf.fr/view3if/ga/ark:/12148/btv1b9058414k$3vol. 1 (IIIF)
=856  \\$uhttps://gallica.bnf.fr/view3if/ga/ark:/12148/btv1b9058416d$3vol. 2 (IIIF)
=942  \\$cSCO
=952  \\$00$10$2ddc$40$6KTS_1_000000000000000_C2_38_10H26B$70$8RAR$92957$aORPH$bORPH$cKTS1_C2$d2020-07-08$eKoopman$l0$oKTS1 C2.38 10H26b$p20139477b$r2021-01-12 00:00:00$w2021-01-12$ySCO
=999  \\$d2957

