=LDR  01596    a2200301   4500
=001  2959
=008  220912s1783\\\\|||||a||\||||\00|\0\fre\d
=041  \\$afre
=059  \\$avv ch orch
=100  \\$aPiccinni, Niccolò$d1728-1800$4cmp$1http://www.wikidata.org/entity/Q310687$95421
=245  \\$aDidon. Tragédie lyrique en trois actes
=250  \\$a1st ed.
=260  \\$aParis$bHuguet$c1783
=300  \\$a[iv]-303 pages
=500  \\$aPremiered 1783, with autograph signature of the composer
=500  \\$afirst four pages of the score are missing
=504  \\$ahttps://en.wikipedia.org/wiki/Didon_(Piccinni)
=590  \\$aRepresentée à Fontainebleau devant leurs Majestés le 16 octobre 1783 Et pour la premiere fois sur le Théatre de l'Académie Royale de Musique Le Lundi 1er Décembre de la même année.
=610  \0$aOpéra (Paris, France)$1http://www.wikidata.org/entity/Q283339$920898
=648  \0$a18th Century (1701-1800)$1http://www.wikidata.org/entity/Q7015$920899
=650  \0$aOpera$1http://www.wikidata.org/entity/Q1344$92468
=651  \0$aParis (France)$1http://www.wikidata.org/entity/Q90$9160
=653  \0$aboekprijs$3tp$020139479$w10H28$929701
=700  \\$4lbt$aMarmontel, Jean-François$d1723-1799$1http://www.wikidata.org/entity/Q379923$94757
=856  \\$uhttps://imslp.org/wiki/Didon_(Piccinni%2C_Niccol%C3%B2)$3International Music Score Library Project
=942  \\$cSCO
=952  \\$00$10$2ddc$40$6KTS_1_000000000000000_C2_38_10H28$70$8RAR$92959$aORPH$bORPH$cKTS1_C2$d2020-07-08$eKoopman$oKTS1 C2.38 10H28$p20139479$r2021-01-12 00:00:00$w2021-01-12$ySCO
=999  \\$d2959

