=LDR  01654acm a2200277   4500
=001  2961
=008  210401s1766\\\\\\\||ad|\||||\00|\0\fre\d
=041  \\$afre
=059  \\$avv ch picc fl 2ob 2bsn 2hn 2vn vla bc
=100  \\$aBerton, Pierre Montan$d1727-1780$4cmp$1http://www.wikidata.org/entity/Q178336$97270
=245  \\$aSilvie.$bOpéra en trois actes avec un prologue
=260  \\$aParis$bLa Chevardière$c1766
=300  \\$a[ii]-332 pages
=500  \\$aan incomplete set of manuscript instrumental parts (picc ob1 ob2 bsn1 bsn2 hn1 hr2 vn2 vla) is in Map.027
=504  \\$aJ. Knowles, French Opera in Transition: Silvie (1765) by Trial and Berton, Routledge, 1996
=534  \\$aPremiered in Fontainebleau, 1765, and revived in Paris, 1766
=590  \\$aReprésenté devant leurs Majestés  à Fontainebleau le 17 Octobre 1765, et par l'Accadémie royale de Musique le 18 Novembre 1766. Dédiées A son Altesse Sérénissime Monseigneur le Prince de Conty
=648  \0$a18th Century (1701-1800)$1http://www.wikidata.org/entity/Q7015$920899
=650  \0$aOpera$1http://www.wikidata.org/entity/Q1344$92468
=651  \0$aFrance$1http://www.wikidata.org/entity/Q142$9131
=700  \\$4cmp$aTrial, Jean Claude$d1732-1771$1http://www.wikidata.org/entity/Q453100$97271
=700  \\$4lbt$aLaujon, Pierre$d1727-1811$1http://www.wikidata.org/entity/Q3385814$96650
=856  \\$uhttps://gallica.bnf.fr/ark:/12148/bpt6k1280054d/f1.image$3Gallica
=942  \\$cSCO
=952  \\$00$10$2ddc$40$6KTS_1_000000000000000_C2_37_10H30$70$8RAR$92961$aORPH$bORPH$cKTS1_C2$d2020-07-08$eKoopman$l0$oKTS1 C2.37 10H30$p20139481$r2021-01-12 00:00:00$w2021-01-12$ySCO
=999  \\$d2961

