=LDR  01659acm a2200313   4500
=001  2962
=008  210401s1766\\\\\\\||a|||||||\00|\0\fre\d
=041  \\$afre
=059  \\$av 2ob 2hn 2vn vla bc
=100  \\$aDuni, Egidio$d1708-1775$4cmp$1http://www.wikidata.org/entity/Q953519$95418
=245  \\$aLa Fée Urgele, ou Ce qui plaît aux dames.$bComédie en quatre actes, en vers
=260  \\$aParis$b[Duni]$c1766
=300  \\$a[3]-169 pages
=500  \\$aThe parts (2ob bsn hn1 hn 2 2vn vla bc) are in Map.028
=501  \\$aBound in with 'Couplets ajoutés ala fée Urgéle' (manuscript)
=533  \\$aDigitized by iGuana, Spring 2022
=534  \\$aPremiered in Fontainebleau, 1765
=561  \\$aEx libris Duc de Luynes, see also 10H30
=610  \0$aChâteau de Fontainebleau (France)$1http://www.wikidata.org/entity/Q201428$920956
=648  \0$a18th Century (1701-1800)$1http://www.wikidata.org/entity/Q7015$920899
=650  \0$aOpera$1http://www.wikidata.org/entity/Q1344$92468
=651  \0$aFontainebleau (France)$1http://www.wikidata.org/entity/Q182872$920955
=700  \\$4lbt$aFavart, Charles-Simon$d1710-1792$1http://www.wikidata.org/entity/Q981902$95423
=773  \\$020097$tLa Fée Urgele$w20097
=856  \\$uhttps://uv-v4.netlify.app/#?manifest=https://sharedcanvas.be/IIIF/manifests/d8bc6e26-49a2-11ed-84f2-a2d4b2b4b2e5$3IIIF
=856  \\$uhttps://sharedcanvas.be/IIIF/manifests/d8bc6e26-49a2-11ed-84f2-a2d4b2b4b2e5$3IIIF manifest
=942  \\$cSCO
=952  \\$00$10$2ddc$40$6KTS_1_000000000000000_C2_38_10H31$70$8RAR$92962$aORPH$bORPH$cKTS1_C2$d2020-07-08$eKoopman$oKTS1 C2.38 10H31$p20136447$r2021-01-12 00:00:00$w2021-01-12$yMS
=999  \\$d2962

