=LDR  12475aam a2202245   4500
=001  2964
=008  220121r16961976\\\afg||\||||\00|\h\ger\d
=041  \\$ager
=100  \\$aPrintz, Wolfgang Caspar$d1641-1717$4aut$1http://www.wikidata.org/entity/Q104997$97272
=245  \\$aPhrynis Mitilenæus
=246  \1$aPhrynis Mitilenaeus
=250  \\$a2nd ed.
=260  \\$aDresden$bMieth$aLeipzig$bZimmermann$c1696
=300  \\$a4 vols. in 1 ([iii]-48-116-143-239-[1] pages)$b4 engraved frontispieces, title page in red and black ink, music examples, 6 folded pages inserted
=500  \\$a"Phrynis or satyric composer, who, by means of a satirical story, politely presents all and every mistake of the unlearned, self-grown, clumsy and ignorant composers, and at the same time teaches how to compose and set a musical piece purely, without mistakes and according to the right reason."
=500  \\$ainteresting engravings
=534  \\$aOriginally published in 1976-77; only the first and second parts: the third parts although ready for publication in 1679, first appeared with the 2nd ed. of parts 1 and 2,1696. In the 1696 ed. the author refers to his "Exercitationes music" as containing the substance of a fifth part. The fourth part was destroyed by fire. $ohttps://www.loc.gov/item/05004054/
=590  \\$aPhrynis oder Satyrischer Componist, welcher vermittelst einer satyrischen Geschicht alle und iede Fehler, der ungelehrten, selbgewachsenen, ungeschickten und unverständigen Componisten höflich darstellet, und darneben lehret, wie ein musicalisches Stück rein, ohne Fehler und nach dem rechten Grunde zu componiren und zu setzen sey
=600  \0$1http://www.wikidata.org/entity/Q76444$aBeer, Johann$d1655-1700$99471
=648  \0$a17th Century (1601-1700)$1http://www.wikidata.org/entity/Q7016$920923
=650  \0$aMusic theory$1http://www.wikidata.org/entity/Q193544$92662
=650  \0$aSatire$1http://www.wikidata.org/entity/Q128758$921636
=650  \0$aComposer$1http://www.wikidata.org/entity/Q36834$93625
=651  \0$aGermany$1http://www.wikidata.org/entity/Q183$9155
=653  \0$a?-stemmig bc$3119, 128$020139837$w10I02b$928330
=653  \0$aAbel, C.H.$3226$020139837$w10I02c$928422
=653  \0$aaccenten$347, 48$020139837$w10I02b$928440
=653  \0$aad lib. bezetting$3116$020139837$w10I02b$928471
=653  \0$aafwisseling$345, 61, 91$020139837$w10I02b$928514
=653  \0$abezetting van bc$3116$020139837$w10I02b$929532
=653  \0$abandora$3116$020139837$w10I02b$929065
=653  \0$abc$3112-138$020139837$w10I02b$929236
=653  \0$abc en dynamiek$3119$020139837$w10I02b$929253
=653  \0$abespelen van meer instrumenten$3226$020139837$w10I02c$929496
=653  \0$acapella$3137$020139837$w10I02b$930216
=653  \0$aCapricornus$3226$020139837$w10I02c$930226
=653  \0$acello$3fs$020139837$w10I02b$930344
=653  \0$amuziek_Nederland, 17de eeuw$3226$020139837$w10I02c$935062
=653  \0$acister$3116$020139837$w10I02b$930490
=653  \0$acomponeren$310, 11, 112, 114$020139837$w10I02a$930621
=653  \0$acomponeren$3140, 141$020139837$w10I02b$930621
=653  \0$acomponeren$320-38, 61-67, 179-185$020139837$w10I02c$930621
=653  \0$acomponist$334, 39$020139837$w10I02$930630
=653  \0$acompositieloon$315$020139837$w10I02c$930641
=653  \0$aonbecijferde bas$3122, 123$020139837$w10I02b$935379
=653  \0$acontrapunt$3131-170$020139837$w10I02c$930699
=653  \0$aCorelli, A.$3227$020139837$w10I02c$930736
=653  \0$acourante$3126$020139837$w10I02c$930805
=653  \0$acresc/decresc$368$020139837$w10I02b$930842
=653  \0$aorgelpijp van papier$3224$020139837$w10I02c$935564
=653  \0$aoud-nieuw$315$020139837$w10I02c$935651
=653  \0$aoude muziek vroeger$318$020139837$w10I02$935658
=653  \0$aoude muziek vroeger$320, 21$020139837$w10I02c$935658
=653  \0$adiminuties$396$020139837$w10I02a$931087
=653  \0$adiminuties$365, 66$020139837$w10I02b$931087
=653  \0$adirigent$326, 114, 117, 136, 137$020139837$w10I02b$931092
=653  \0$adirigent$3175$020139837$w10I02c$931092
=653  \0$adoedelzak$3fs, Bbb1$020139837$w10I02b$931125
=653  \0$adoedelzak$311, 15, 16, 44$020139837$w10I02c$931125
=653  \0$apedaal en bc$3119?$020139837$w10I02b$935816
=653  \0$adraailier$3fs, 11, 15, 16, 44$020139837$w10I02c$931190
=653  \0$aDraghi$3225$020139837$w10I02c$931193
=653  \0$adrukfouten $3240$020139837$w10I02c$931222
=653  \0$aPezel, J.$3226$020139837$w10I02c$935904
=653  \0$aDunstable$3112?$020139837$w10I02b$931304
=653  \0$aemoties$389, 115$020139837$w10I02a$931445
=653  \0$aenharmonie$341, 45, 54, 206-208$020139837$w10I02c$931475
=653  \0$afalso bordone$3179$020139837$w10I02c$931599
=653  \0$apubliek$312, 15$020139837$w10I02a$936257
=653  \0$aFörster$3227$020139837$w10I02c$931828
=653  \0$asub/semitoetsen$344$020139837$w10I02a$936666
=653  \0$agamba$3226$020139837$w10I02c$931995
=653  \0$atekst en componeren$3114$020139837$w10I02a$936776
=653  \0$atekstaccent$3114$020139837$w10I02a$936778
=653  \0$atekstuitspraak$3113$020139837$w10I02b$936786
=653  \0$atemperatuur$312, 13, 42, 45, 92-94$020139837$w10I02a$936807
=653  \0$atemperatuur$3100$020139837$w10I02b$936807
=653  \0$atemperatuur$340, 44, 46-60, 68-83, 86-90, 230-238$020139837$w10I02c$936807
=653  \0$atemperiert$355, 70, 73$020139837$w10I02c$936808
=653  \0$atempo$323, 24$020139837$w10I02a$936814
=653  \0$atransponeren$318 etc.$020139837$w10I02$937072
=653  \0$aGriekse muziek$317-38, 41, 42$020139837$w10I02c$932396
=653  \0$agroppo$348, 49, 71$020139837$w10I02b$932429
=653  \0$atrombone$393$020139837$w10I02a$937186
=653  \0$atrompet$344$020139837$w10I02c$937194
=653  \0$aharp$311$020139837$w10I02a$932582
=653  \0$aharp$315, 116$020139837$w10I02b$932582
=653  \0$aharp$344$020139837$w10I02c$932582
=653  \0$aversvoeten$3100-131$020139837$w10I02c$937502
=653  \0$aViadana, L. $3113$020139837$w10I02b$937530
=653  \0$aviool$3fs$020139837$w10I02b$937605
=653  \0$aviool$3fs, 11, 171, 172$020139837$w10I02c$937605
=653  \0$aimprovisatie$333$020139837$w10I02$933059
=653  \0$aimprovisatie$3(5), 73-91$020139837$w10I02b$933059
=653  \0$aimprovisatie$316, 84, 85$020139837$w10I02c$933059
=653  \0$ainvloed_Italië in Duitsland$312, 16$020139837$w10I02a$933119
=653  \0$ainvloed_Italië in Duitsland$315$020139837$w10I02b$933119
=653  \0$ainvloed_Italië in Duitsland$3226, 227$020139837$w10I02c$933119
=653  \0$ajongenssopraan$3111$020139837$w10I02a$933241
=653  \0$aWerckmeister, A.$3x3$020139837$w10I02$937929
=653  \0$aWerckmeister, A.$344?$020139837$w10I02c$937929
=653  \0$akerktoonsoorten$326 afb, 30, 35, 38-40$020139837$w10I02a$933376
=653  \0$akerktoonsoorten$3104, 105$020139837$w10I02b$933376
=653  \0$aKerll, J.C.$3228$020139837$w10I02c$933381
=653  \0$aKircher, A.$342$020139837$w10I02$933414
=653  \0$aKircher, A.$393$020139837$w10I02c$933414
=653  \0$aZarlino$342, 69, 87$020139837$w10I02c$938113
=653  \0$azink$332$020139837$w10I02b$938157
=653  \0$azuiverheid$392, 93$020139837$w10I02a$938176
=653  \0$aklavichord_Duitsland 17e eeuw$311$020139837$w10I02a$933572
=653  \0$aklavichord_Duitsland 17e eeuw$3190-195, 233$020139837$w10I02c$933572
=653  \0$arecitatief$3178-185$020139837$w10I02c$938285
=653  \0$aregaal$3116$020139837$w10I02b$938302
=653  \0$areizen$315-19 etc., 43$020139837$w10I02b$938363
=653  \0$aKrieger, J.$3227$020139837$w10I02c$933761
=653  \0$aKrieger, J.P.$3227$020139837$w10I02c$933762
=653  \0$aKuhnau, J.$3227$020139837$w10I02c$933783
=653  \0$akwaliteit van uitvoering$347, 111, 117, 141$020139837$w10I02b$933816
=653  \0$akwaliteit van uitvoering$385$020139837$w10I02c$933816
=653  \0$akwint/oktaafparallellen$319, 37$020139837$w10I02$933824
=653  \0$akwint/oktaafparallellen$310, 12, 63, 64, 66, 67, 78, 81, 82, 98, 99$020139837$w10I02a$933824
=653  \0$akwint/oktaafparallellen$398, 99$020139837$w10I02b$933824
=653  \0$akwint/oktaafparallellen$316, 21, 26, 28-30, 34-38, 209, 210, 214$020139837$w10I02c$933824
=653  \0$aLatijns-Duitse traktaten$342, 43$020139837$w10I02$933928
=653  \0$asalaris$3174, 175, 226, 227$020139837$w10I02c$938697
=653  \0$aLeiden$3226$020139837$w10I02c$934000
=653  \0$asarabande$3123, 124$020139837$w10I02c$938753
=653  \0$aschalmei$3fs, 11$020139837$w10I02c$938803
=653  \0$aschalmeiriet$3fs$020139837$w10I02c$938804
=653  \0$aSchelle$3227$020139837$w10I02c$938830
=653  \0$aSchmelzer$3225$020139837$w10I02c$938887
=653  \0$aluit$3fs$020139837$w10I02a$934262
=653  \0$aluit$3116$020139837$w10I02b$934262
=653  \0$aLully$3127, 129, 130$020139837$w10I02c$934271
=653  \0$amajeur afsluiting in mineur stuk$326 afb$020139837$w10I02a$934382
=653  \0$aslagwerk$3fs$020139837$w10I02b$939152
=653  \0$aslagwerk$3fs, 11, 12, 14, 16$020139837$w10I02c$939152
=653  \0$amensuurtekens$323, 24$020139837$w10I02a$934669
=653  \0$amensuurtekens$339-43$020139837$w10I02b$934669
=653  \0$amenuet$3127-130$020139837$w10I02c$934673
=653  \0$amordent$348, 49$020139837$w10I02b$934868
=653  \\$aa discretione$367$928393$020139837$w10I02b
=653  \\$aa discretione$36, 150$928393$020139837$w10I02c
=653  \\$aafgunst$3141$928509$020139837$w10I02b
=653  \\$aanonymus$33-8$928709$020139837$w10I02
=653  \\$abc als directiepartituur$3114, 136, 137$929242$020139837$w10I02b
=653  \\$abc en pauseren$3120, 121$929261$020139837$w10I02b
=653  \\$aBödecker$3226$929668$020139837$w10I02c
=653  \\$aCasparini, E.$3224, 225$930269$020139837$w10I02c
=653  \\$aErlebach, C.$3227$931507$020139837$w10I02c
=653  \\$aFedelli, R.$3226$931638$020139837$w10I02c
=653  \\$afuga$3190-195$931941$020139837$w10I02c
=653  \\$agesticuleren etc.$3172,173, 175, 176$932160$020139837$w10I02c
=653  \\$aGibelius, O.$373-77$932184$020139837$w10I02c
=653  \\$aGravius, J.H.$3226$932355$020139837$w10I02c
=653  \\$aHertel, M.$3x3$932747$020139837$w10I02
=653  \\$ahoofdnoottriller$348, 77$932889$020139837$w10I02b
=653  \\$aHorn, D.$3124$932941$020139837$w10I02c
=653  \\$aKeller, A.$3226$933345$020139837$w10I02c
=653  \\$aklavecimbel_Duitsland 17e eeuw$3116$933478$020139837$w10I02b
=653  \\$aklavecimbel_Duitsland 17e eeuw$3174$933478$020139837$w10I02c
=653  \\$alabyrint$3217(afb)-220$933845$020139837$w10I02c
=653  \\$amevr. Schilders$3226$934732$020139837$w10I02c
=653  \\$aMolitor$3121$934808$020139837$w10I02b
=653  \\$amonochord meting$370, 79$934824$020139837$w10I02c
=653  \\$amonodie$397$934828$020139837$w10I02c
=653  \\$aoktaveren en bc$3119, 120$935355$020139837$w10I02b
=653  \\$aPeeters (?)$3226$935834$020139837$w10I02c
=653  \\$aPicard$3226$935953$020139837$w10I02c
=653  \\$aPohl, D.$3227$936047$020139837$w10I02c
=653  \\$aRosenmüller$3121$938558$020139837$w10I02b
=653  \\$aSatyre$3wb$938768$020139837$w10I02
=653  \\$aSchemels$3225$938834$020139837$w10I02c
=653  \\$aSchurich, M.$3225$938995$020139837$w10I02c
=653  \\$aSidon$3226$939102$020139837$w10I02c
=653  \\$aspin$3226$936427$020139837$w10I02c
=653  \\$aStrungk, N.$3226$936647$020139837$w10I02c
=653  \\$aTamitius, A.$3225$936734$020139837$w10I02c
=653  \\$atemporelatie$339?$936838$020139837$w10I02b
=653  \\$aThaysner, Z.$3225$936884$020139837$w10I02c
=653  \\$aToccata$3105$923527$020139837$w10I02b
=653  \\$atrillers etc.$347-50, 54, 63, 64, 67, 68, 77$937146$020139837$w10I02b
=653  \\$avereenvoudigen van baslijn in bc$3118$937406$020139837$w10I02b
=653  \\$avoce umana$3223$937681$020139837$w10I02c
=653  \\$aWecker, G.C.$3226, 227$937887$020139837$w10I02c
=653  \\$awonderkind$310$938047$020139837$w10I02a
=856  \\$uhttps://www.loc.gov/item/05004053/$3Library of Congress
=942  \\$cBOO
=952  \\$00$10$2ddc$40$6KTS_1_000000000000000_C2_51_10I02$70$8RAR$92964$aORPH$bORPH$cKTS1_C2$d2020-07-08$eKoopman$oKTS1 C2.51 10I02$p20139837$r2021-01-12 00:00:00$w2021-01-12$yBOO
=999  \\$d2964

