=LDR  03890    a2200697   4500
=001  2965
=005  20250923161049.0
=008  221207s1772\\\\||||||||\||||\00|\0\dut\d
=041  \\$adut
=059  \\$aorg
=100  \\$aHess, Joachim$d1732-1819$4aut$1http://www.wikidata.org/entity/Q63163196$95260
=245  \\$aLuister van het orgel
=260  \\$aGouda$bKlos, vander$c1772
=300  \\$axii-78 pages
=500  \\$afor the sequel to this book, see 04E13
=500  \\$aJoachim Hess (1732-1819) played organ and carillon at the Sint-Janskerk in Gouda
=500  \\$aavailable in facsim (Knaf, 1976)
=500  \\$aimportant source on organ registration
=561  \\$aEx libris Electrische Kerkorgelfabriek A. Standaart Schiedam (Stamp)
=561  \\$aEx libris A. Standaart (manuscript)
=590  \\$aof naauwkeurige aanwyzinge, hoe men, door eene gepaste registreering en geschikte bespeeling, de voortreffelyke hoedanigheden en verwonderenwaardige vermogens van een kerk- of huisorgel in staat is te vertoonen. Ter onderricgtiging van alle Liefhebbers van het Orgelspel, inzonderheid voor jonge Organisten, Leerlingen, en allen die zug eene bekwaame behandeling van het Orgel tragten eigen te maken
=648  \0$a18th Century (1701-1800)$1http://www.wikidata.org/entity/Q7015$920899
=650  \0$aOrganology$1http://www.wikidata.org/entity/Q899293$921400
=650  \0$aOrgan registration$1http://www.wikidata.org/entity/Q7309439$923402
=650  \0$aOrgan$1http://www.wikidata.org/entity/Q1444$92810
=651  \0$aNetherlands$1http://www.wikidata.org/entity/Q55$9173
=653  \0$aa =$315$020139848$w10I03$928388
=653  \0$aandante$357, 58$020139848$w10I03$928683
=653  \0$aarpeggio$336, 37, 48, 56, 65, 66$020139848$w10I03$928797
=653  \0$aorgelregistratie$3wb, 34-69$020139848$w10I03$935575
=653  \0$aorgelregistratie en bc$335$020139848$w10I03$935577
=653  \0$aechoeffekt$35, 41, 54, 59, 61, 62$020139848$w10I03$931377
=653  \0$agigue$335$020139848$w10I03$932187
=653  \0$atoucher$377$020139848$w10I03$937044
=653  \0$atremulant$3viii, 18, 19, 22, 78$020139848$w10I03$937097
=653  \0$averzamelen van orgeldisposities$3iii, vi$020139848$w10I03$937515
=653  \0$aHess, J.J.$3voorbericht$020139848$w10I03$932752
=653  \0$aHess, J.J._klavecimbelschool$3iv$020139848$w10I03$932753
=653  \0$aviolone$39, 10$020139848$w10I03$937600
=653  \0$aklarinet$362$020139848$w10I03$933442
=653  \0$aregaal$313$020139848$w10I03$938302
=653  \0$aklokkenspelregister op orgel$322$020139848$w10I03$933633
=653  \0$alituus$316$020139848$w10I03$934159
=653  \0$asiciliano$358, 59$020139848$w10I03$939098
=653  \0$aslagwerk$321, 22$020139848$w10I03$939152
=653  \0$amars$335$020139848$w10I03$934486
=653  \\$aHoutam, H.$3viii-xii$932962$020139848$w10I03
=653  \\$ahuisorgel_Nederland, 18e eeuw$344-51$932987$020139848$w10I03
=653  \\$amacht van de muziek$3viii$934341$020139848$w10I03
=653  \\$aMoreau$351$919343$020139848$w10I03
=653  \\$aorgel-klavecimbelspel$378$935531$020139848$w10I03
=653  \\$aorgelpijp_mensuur$33-17$935565$020139848$w10I03
=653  \\$aquintadena$37, 36, 40$936307$020139848$w10I03
=653  \\$aspielereiregister op orgel$320-23, 59, 62$936418$020139848$w10I03
=653  \\$aVox Humana$314, 39, 43, 53, 58, 62$937793$020139848$w10I03
=653  \\$azelf registeren/orgelregistrant$325, 26$938123$020139848$w10I03
=856  \\$uhttps://books.google.be/books?id=iW_Xsgi-CzMC&printsec=frontcover&source=gbs_ge_summary_r&cad=0#v=onepage&q&f=false$3Google Books
=942  \\$cBOO
=952  \\$00$10$2ddc$40$6KTS_1_000000000000000_C2_51_10I03$70$8RAR$92965$aORPH$bORPH$cKTS1_C2$d2020-07-08$eKoopman$l0$oKTS1 C2.51 10I03$p20139848$r2021-01-12 00:00:00$w2021-01-12$yBOO
=999  \\$d2965
=533  \\$aDigitized by iGuana, Spring 2025.

