=LDR  04406aam a2200733   4500
=001  2966
=005  20251010152356.0
=008  221207s1743\\\\|||gda||\||||\00|\0\ger\d
=041  \\$ager
=059  \\$abc
=100  \\$aKellner, David$d1670-1748$4aut$1http://www.wikidata.org/entity/Q1174956$95816
=245  \\$aTreulicher Unterricht im General-Bass
=250  \\$a3rd ed.
=260  \\$aHamburg$bHerold$c1743
=300  \\$a[vi]-98-[6] pages$bmusic examples, tables, charts
=500  \\$aKoopman's index from his facsimile copy
=500  \\$aIntroduction is signed 'Daniel Solander, Prof. Jur. Patr. & Rom. Upsal.', but it cannot be the Swedish botanist (1733-1782) as he would have been nine years of age then.
=504  \\$aIncludes an index
=505  \\$g1. On intervals, chords, regulating the parts -- 2. On the use of the figures -- 3. On the natural Ambitus of keys and the accompaniment -- 4. On unusual progressions which deviate from natural ones -- 5. On the modulation [Ausweichungen] of keys -- 6. On the nature of consonances -- 7. On the use of dissonances
=534  \\$aOriginally published in 1737$ohttps://imslp.org/wiki/Treulicher_Unterricht_im_General-Ba%C3%9F_(Kellner%2C_David)
=590  \\$aworinne alle Weitläufftigkeit vermieden, und dennoch ganz deutlich und umständlich allerhand sothane neu-erfundene Vortheile an die hand gegeben werden, vermöge welcher einer in kurzer Zeit alles, was zu dieser Wissenschaft gehöret, sattsam begreiffen kan. Zum nutzen , Nicht allein derer, so sich im General-Bass üben, sondern auch aller andern Instrumentisten und Vocalisten, welche einen rechten Grund in der Music zu legen sich befleissigen
=648  \0$a18th Century (1701-1800)$1http://www.wikidata.org/entity/Q7015$920899
=650  \0$aBasso continuo$1http://www.wikidata.org/entity/Q724321$921065
=650  \0$aMethod$1http://www.wikidata.org/entity/Q2250960$921402
=650  \0$aHarmony$1http://www.wikidata.org/entity/Q184421$92358
=651  \0$aGermany$1http://www.wikidata.org/entity/Q183$9155
=653  \0$a?-stemmig bc$314, 15, 19, 94$020139847$w10I04$928330
=653  \0$a4st bc$38, 14, 15$020139847$w10I04$928380
=653  \0$aaccentuatie in maat$311$020139847$w10I04$928445
=653  \0$aafwisseling$319$020139847$w10I04$928514
=653  \0$aarpeggio$318-20$020139847$w10I04$928797
=653  \0$abc$3wb, 11$020139847$w10I04$929236
=653  \0$abc op gamba$31$020139847$w10I04$929273
=653  \0$abc_componeren$395$020139847$w10I04$929282
=653  \0$abc_improviseren$395$020139847$w10I04$929285
=653  \0$aCampion$329$020139847$w10I04$930168
=653  \0$aorgel-klavecimbel basso continuo$315$020139847$w10I04$935529
=653  \0$aoud-nieuw$344$020139847$w10I04$935651
=653  \0$adiminuties in bc$316-18, 35$020139847$w10I04$931091
=653  \0$atasto solo$313, 43$020139847$w10I04$936760
=653  \0$agitaar bc$31$020139847$w10I04$932208
=653  \0$atoevoegen van trillers etc. in bc$318$020139847$w10I04$936992
=653  \0$agoût$3x3$020139847$w10I04$932303
=653  \0$aHändel, G.F.$343$020139847$w10I04$932536
=653  \0$aHeinichen$329, 33, 63$020139847$w10I04$932675
=653  \0$avingerzetting$315$020139847$w10I04$937568
=653  \0$aWeiß, S.L.$31$020139847$w10I04$937912
=653  \0$awijsheid in recitatief$319$020139847$w10I04$937967
=653  \0$akwint/oktaafparallellen$310, 15$020139847$w10I04$933824
=653  \0$aschleiffer$318$020139847$w10I04$938873
=653  \0$aSilbermann$367$020139847$w10I04$939112
=653  \0$aMattheson, J.$318, 30, 43$020139847$w10I04$934535
=653  \\$aakkoord op pauze$311, 12$020139847$w10I04$928549
=653  \\$adiscantirende_cadenzen$323$931100$020139847$w10I04
=653  \\$ahoogtebegrenzing van bc$314, 15$932925$020139847$w10I04
=653  \\$alange noten in recitatief$319, 20$933891$020139847$w10I04
=653  \\$aoktaveren$364$935354$020139847$w10I04
=653  \\$avoorhouding-oplossing$390, 94$937747$020139847$w10I04
=700  \\$4win$aSolander, Daniel$925435
=856  \\$uhttps://www.loc.gov/item/10021720$3Library of Congress
=856  \\$uhttps://www.loc.gov/item/10021720/manifest.json$3IIIF manifest
=942  \\$cBOO
=952  \\$00$10$2ddc$40$6KTS_1_000000000000000_C2_51_10I04$70$8RAR$92966$aORPH$bORPH$cKTS1_C2$d2020-07-08$eKoopman$l0$oKTS1 C2.51 10I04$p20139847$r2021-01-12 00:00:00$w2021-01-12$yBOO
=999  \\$d2966

