=LDR  16900aam a2202677   4500
=001  2967
=008  211019s1619\\\\\\\g||||\||||\00|\0\ger\d
=041  \\$ager
=100  \\$aPraetorius, Michael$d1571-1621$4aut$1http://www.wikidata.org/entity/Q108278$97239
=245  \\$aSyntagmatis musici $nvol. 3
=246  \1$aSyntagma musicum vol. 3
=250  \\$arev. ed.
=260  \\$aWolffenbüttel$bHolwein$bPraetorius$c1619
=300  \\$a[xvi]-256 pages$bmusic examples, folded page
=500  \\$aFirst extended edition of one of the most commonly used research sources for seventeenth-century music theory and performance practice.
=500  \\$aCited in Koopman, 'Barokmuziek, theorie en praktijk' (1985), pp. 21, 50-52, 79, and 85
=504  \\$aIncludes an index
=534  \\$aOriginally published in 1615
=563  \\$aRed edges
=590  \\$atomus tertius. Darinnen I. Die Bedeutung, wie auch Abtheil- und Beschreibung fast aller Nahmen der Italiänischen, Frantzösischen, Englischen und jetziger Zeit in Teutschland gebräuchlichen Gesänge: Alß Concerten, Moteten, Madrigalien, Canzonen etc.; 2. Was im Singen, bey den Noten und Tactu, Modis und Transpositione, Partibus seu Vocibus und unterschiedenen Choris, auch bey den Unisonis und Octavis zu observiren; 3. Wie die Italiänische und andere Termini Musici als: Ripieno, Ritornello, forte, pian: presto, lento: Capella, Palchetto, und viel andere mehr zu verstehen und zu gebrauchen: Die Instrumenta Musicalia zu unterscheiden, ab zutheilen und fuglich zu nennen: Der General-Bass zu gebrauchen: Ein Concert mit Instrument- Menschen Stimmen auff unterschiedliche Choros gar leichtlich anzuordnen: Und junge Knaben in Schulen an die jetzige Italiänische Art und Manier im singen zu gewehnen seyn. Sampt angehengtem außfürlichem Register.
=648  \0$a17th Century (1601-1700)$1http://www.wikidata.org/entity/Q7016$920923
=650  \0$aMusic theory$1http://www.wikidata.org/entity/Q193544$92662
=650  \0$aMethod$1http://www.wikidata.org/entity/Q2250960$921402
=650  \0$aPerformance$1http://www.wikidata.org/entity/Q6942562$926223
=651  \0$aGermany$1http://www.wikidata.org/entity/Q183$9155
=653  \0$a?-stemmig bc$3132, 138, 141, 145$020139845$w10I05$928330
=653  \0$aaccelerando$3170$020139845$w10I05$928437
=653  \0$aad lib. bezetting$34, 129 (=109), 134 (=114), 135 (=115), 137 (=117), 152-209, nawoord$020139845$w10I05$928471
=653  \0$aademhalen$3130 (=110), 136 (=116), 231, 232$020139845$w10I05$928491
=653  \0$aafwisseling$3130 (=110), 132 (=112), 137 (=117), 170, 229$020139845$w10I05$928514
=653  \0$aAgazari, A.$38, 33, 137 (=117), 139 (=119), 140 (=120), 145 (=125), 146 (=126), 135, 138, 139, 142, 149$020139845$w10I05$928516
=653  \0$aallemande $325, 130 (=110)$020139845$w10I05$928609
=653  \0$aalternatim praxis$3132 (=112)$020139845$w10I05$928627
=653  \0$aAnerio, F.$38, 243$020139845$w10I05$928694
=653  \0$aArtusi, J.M.$3x8 (=6), 93, 94$020139845$w10I05$928831
=653  \0$abezetting van bc (baslijn)$3145, 168, 173, 176, 177, 242$020139845$w10I05$929533
=653  \0$aBanchieri, A.$3142$020139845$w10I05$929063
=653  \0$ablokfluit$3173$020139845$w10I05$929645
=653  \0$abc$3x3, x8, 87, 102, 103, 136-138 (=116-118), 144 (=122)-149, 151, 224, 242$020139845$w10I05$929236
=653  \0$abranle$325$020139845$w10I05$929886
=653  \0$aCaccini, G.$3230, 237$020139845$w10I05$930101
=653  \0$aCalvisius, S.$381$020139845$w10I05$930145
=653  \0$acanzona$3129 (=109)$020139845$w10I05$930214
=653  \0$aCapella$3126 (=106), 131 (=111), 133-135 (=113-115)$020139845$w10I05$930217
=653  \0$aCapella$3172-174, 177, 188, 192, 242, 259$020139845$w10I05$930217
=653  \0$acastraten$382$020139845$w10I05$930282
=653  \0$acello $3145, 168$020139845$w10I05$930345
=653  \0$amuziek in eredienst$3170$020139845$w10I05$935012
=653  \0$acontrabas$3148$020139845$w10I05$930692
=653  \0$aorganist$3144 (=124), 145, (=125), 184$020139845$w10I05$935454
=653  \0$acourante$325, 53, 129 (=109), 190$020139845$w10I05$930805
=653  \0$aorgelregistratie en bc$3131 (=111), 136 (=116), 138, 139, 142, 173, 175, 194, 195$020139845$w10I05$935577
=653  \0$aoude muziek vroeger$3129, 130$020139845$w10I05$935658
=653  \0$adiminuties$3x8, 136 (=116), 148 (=128), 171, 177, 180, 182, 183, 197, 229-236, 240$020139845$w10I05$931087
=653  \0$adiminuties en bc$3148 (=128), 137, 146-148$020139845$w10I05$931090
=653  \0$adirigent$3126 (=106), 170$020139845$w10I05$931092
=653  \0$apavane$325 (=23), 26 (=24), 25, 129 (=109), 190, 216$020139845$w10I05$935811
=653  \0$apedaal en bc$3138$020139845$w10I05$935816
=653  \0$adrukfouten $3257$020139845$w10I05$931222
=653  \0$adulciaan$3129 (=109), 142 (=122), 145, 160-166$020139845$w10I05$931287
=653  \0$aPevernage, A.$38$020139845$w10I05$935901
=653  \0$adwarsfluit$3156-158, 168, 173$020139845$w10I05$931340
=653  \0$adynamiek $3128 (=108), 132 (=112), 158$020139845$w10I05$931347
=653  \0$adynamiek en bc$3146$020139845$w10I05$931351
=653  \0$aechoeffekt$3137, 175, 195, 221$020139845$w10I05$931377
=653  \0$aemoties$3132 (=112), 229, 231$020139845$w10I05$931445
=653  \0$aPraetorius, M.$3wb, (19), 73, 74, 83, 86, 87, 129 (=109), 132 (=112), 134 (=114), 168-197, 242, nawoord 1+2$020139845$w10I05$936131
=653  \0$apreludium$3132 (=112), 151$020139845$w10I05$936148
=653  \0$apresto$3259$020139845$w10I05$936154
=653  \0$afalset$382, 231$020139845$w10I05$931595
=653  \0$afalso bordone$39-11$020139845$w10I05$931599
=653  \0$afantasia$321$020139845$w10I05$931604
=653  \0$aQuagliati, P.$38$020139845$w10I05$936293
=653  \0$aquodlibet$317, 18$020139845$w10I05$936317
=653  \0$asolmisatie$331, 32$020139845$w10I05$936344
=653  \0$aflexibel tempo$3170$020139845$w10I05$931768
=653  \0$aspinet$3141 (=121)$020139845$w10I05$936428
=653  \0$afouten in bc$3148 (=128), 129$020139845$w10I05$931845
=653  \0$astemmen van orkest$3151, 152$020139845$w10I05$936554
=653  \0$astuderen van bc$3138$020139845$w10I05$936659
=653  \0$asub/semitoetsen$381, 82$020139845$w10I05$936666
=653  \0$aGabrieli, A.$3x4, 8, 9, 24 (=22), 33, 50, 51, 87, 89, 134 (=114), 157, 189, 243$020139845$w10I05$931960
=653  \0$aGabrieli, G.$3x4, 8, 9, 24 (=22), 33, 50, 51, 87, 89, 134 (=114), 157, 189, 243$020139845$w10I05$931962
=653  \0$agagliarda$326 (=24), 25, 53, 129 (=109), 190, 216$020139845$w10I05$931973
=653  \0$atabulatuur$3144 (=124), 146 (=126), 129$020139845$w10I05$936719
=653  \0$agamba$3164-168$020139845$w10I05$931995
=653  \0$atekst$34, 33, 91, 126 (=106), 150, 230$020139845$w10I05$936775
=653  \0$atekstuitspraak$3126 (=106), 229, 230$020139845$w10I05$936786
=653  \0$atemperatuur$381, 82, 224$020139845$w10I05$936807
=653  \0$aGesualdo$333$020139845$w10I05$932163
=653  \0$atoevoegen van trillers etc. $381, 147, 189, 229$020139845$w10I05$936991
=653  \0$atransponeren$380-85, 136, 156, 162-166, 175$020139845$w10I05$937072
=653  \0$atrillers etc. $381, 102, 189, 230-239$020139845$w10I05$937147
=653  \0$atrillers etc. in bc$3137, 147$020139845$w10I05$937148
=653  \0$atrillo$3237$020139845$w10I05$937161
=653  \0$atritonus$331, 32$020139845$w10I05$937178
=653  \0$atrombone$3142 (=122), 143 (=123), 145, 149, 159-165, 189$020139845$w10I05$937186
=653  \0$atrompet$3169-172$020139845$w10I05$937194
=653  \0$aharp$3139 (=119), 141 (=121), 144 (=124), 146, 147$020139845$w10I05$932582
=653  \0$aHassler, H.L.$3x4, 156$020139845$w10I05$932613
=653  \0$aViadana, L. $34, 7, 9, 51, 99, 100, 126 (=106), 137 (=117), 144-146 (=124-126), 137-139, 175, 176$020139845$w10I05$937530
=653  \0$avibrato$3229, 231$020139845$w10I05$937531
=653  \0$aviolone$3133 (=113), 142 (=122), 145, 148$020139845$w10I05$937600
=653  \0$aviool$3148, 155$020139845$w10I05$937605
=653  \0$aimprovisatie$3x8, 21, 25 (=23)$020139845$w10I05$933059
=653  \0$ainstrumentatie$395, 127-140 (=107-120), 152$020139845$w10I05$933089
=653  \0$ainterpretatie bedenken$3148$020139845$w10I05$933101
=653  \0$ainterpretatie vroeger$3230, 231$020139845$w10I05$933102
=653  \0$ainvloed_Italië in Duitsland$3x2-x4, x7, x8, 103, 136 (=116), 230, 241, nawoord$020139845$w10I05$933119
=653  \0$avoorspel op luit$3130 (=110)$020139845$w10I05$937761
=653  \0$ajongenssopraan$332, 91, 92, 103, 130 (=110), 157, 158, 172-174, 183, 188, 223, 229-232, 260$020139845$w10I05$933241
=653  \0$aWert, J. de $3168$020139845$w10I05$937936
=653  \0$akerktoonsoorten$336-47$020139845$w10I05$933376
=653  \0$aZarlino, J.$3x8 (=6)$020139845$w10I05$938115
=653  \0$azink$3149$020139845$w10I05$938157
=653  \0$azuiverheid$3149, 151, 167, 236$020139845$w10I05$938176
=653  \0$aregaal$392, 103, 130 (=110), 135 (=115), 136 (=116), 173, 175, 179$020139845$w10I05$938302
=653  \0$akoor/orkestbezetting$34, 91, 92, 96, 126 (=106), 242$020139845$w10I05$933678
=653  \0$akromhoorn$3163, 164, 166$020139845$w10I05$933770
=653  \0$akwaliteit van uitvoering$3230$020139845$w10I05$933816
=653  \0$akwint/oktaafparallellen$3138 (=118), 139, 142, 143, nawoord$020139845$w10I05$933824
=653  \0$akwint/oktaafparallellen in bc$3139$020139845$w10I05$933825
=653  \0$aLasso, O. di $3x3, x4, 8, 49, 153, 154$020139845$w10I05$933916
=653  \0$aschalmei$3166, 168$020139845$w10I05$938803
=653  \0$aScheidt, S.$3nawoord$020139845$w10I05$938823
=653  \0$aluit$3141 (=121), 145-147, 168$020139845$w10I05$934262
=653  \0$aSchütz, H.$3nawoord$020139845$w10I05$939007
=653  \0$amadrigaal$311-13, 177, 190$020139845$w10I05$934349
=653  \0$amajeur slot in mineur stuk$3135$020139845$w10I05$934386
=653  \0$asinfonia$3129 (=109), 132 (=112)$020139845$w10I05$939135
=653  \0$aslagwerk$3169-171$020139845$w10I05$939152
=653  \0$aMarenzio, L.$333, 50$020139845$w10I05$934462
=653  \0$ameer benutten zelfde partituur$3126 (=106)$020139845$w10I05$934589
=653  \0$ameerkorige opstelling$385, 92, 131 (=111), 134 (=114), 135 (=115), 137 (=117), 170, 172, 173, 178, 180, 182, 189$020139845$w10I05$934593
=653  \0$ameerkorigheid$3x3, 5, 9, 85, 88-90, 92, 103, 131 (=111)$020139845$w10I05$934594
=653  \0$amensurale notatie$327-31, 49-85$020139845$w10I05$934666
=653  \0$aMerula, C.$3156$020139845$w10I05$934696
=653  \0$aMonte, Ph. de $36, 31$020139845$w10I05$934843
=653  \0$aMonteverdi, C.$350, 51, 128 (=108), 129 (=109), 237$020139845$w10I05$934854
=653  \0$aMonteverdi, C._Mariavespers$3128-129 (=108-109)$020139845$w10I05$934855
=653  \0$aMonteverdi, C._Scherzi musicali$3129 (=109)$020139845$w10I05$934857
=653  \0$amordent$3235$020139845$w10I05$934868
=653  \0$aMorley, Th.$319$020139845$w10I05$934893
=653  \0$amotet$36, 7, 80, 130 (=110)$020139845$w10I05$934907
=653  \0$amusica ficta$332$020139845$w10I05$934970
=653  \\$a(groß) baspommer$3133 (=113), 142 (=122), 163$928344$020139845$w10I05
=653  \\$aaccentus$3231-234, 238$928448$020139845$w10I05
=653  \\$abalans$3149$929036$020139845$w10I05
=653  \\$aBaryphonus, H.$3227, 228$929126$020139845$w10I05
=653  \\$abassetto$3132 (=112), 133 (=133)$929162$020139845$w10I05
=653  \\$abc = directiepartituur$3126 (=106), 144 (=124), 145 (=125), 170, 202$929239$020139845$w10I05
=653  \\$abc en klav.techniek$3146 (=126)$929258$020139845$w10I05
=653  \\$abc en volgen$3146 (=126), 148 (=128)$929263$020139845$w10I05
=653  \\$abegrenzing RH in bc$3139, 145$929371$020139845$w10I05
=653  \\$abeschilderde orgelluiken$3194$929489$020139845$w10I05
=653  \\$abovensecunde triller$3238 (?), 239$929855$020139845$w10I05
=653  \\$aBovicelli, G.B.$3230$929859$020139845$w10I05
=653  \\$aCammerton reg. op chortonorgel$381, 82$930154$020139845$w10I05
=653  \\$achelys = luit$3141 (=121)$930426$020139845$w10I05
=653  \\$aCifra, A.$3137 (=117), 176$930474$020139845$w10I05
=653  \\$aCima, A.$37$930475$020139845$w10I05
=653  \\$acimbelstern en bc$3175$930487$020139845$w10I05
=653  \\$aclavecytherium$3224$930522$020139845$w10I05
=653  \\$aconsort$35, 137 (=117)$930677$020139845$w10I05
=653  \\$acontra temporelatie$3132 (=112)$930691$020139845$w10I05
=653  \\$acouperen van werk$3169, 188, 189$930786$020139845$w10I05
=653  \\$aErbach, C.$37$931503$020139845$w10I05
=653  \\$aexclamatione$3231$931561$020139845$w10I05
=653  \\$aFattorini, G.$3187$931623$020139845$w10I05
=653  \\$aFergusi, J.$376, 77$931663$020139845$w10I05
=653  \\$afiffaro$3142 (=122), 143 (=123)$931705$020139845$w10I05
=653  \\$aGastoldi, J.$319$932027$020139845$w10I05
=653  \\$agemeentezang en gecomponeerde muziek$3169, 170, 183, 184$932103$020139845$w10I05
=653  \\$agroppo$3236, 239$932429$020139845$w10I05
=653  \\$aGuami, G.$37$932455$020139845$w10I05
=653  \\$aHandl, J.$357-69$932552$020139845$w10I05
=653  \\$ahoge sleutels$380, 82, 136$932846$020139845$w10I05
=653  \\$ahoge/lage becijfering van bc$3131, 132$932847$020139845$w10I05
=653  \\$ahoofdnoottriller$3235, 236, 238, 239$932889$020139845$w10I05
=653  \\$aimprovisatie van trompetpartijen$3171, 172$933062$020139845$w10I05
=653  \\$aIndia, G. d'$333$933070$020139845$w10I05
=653  \\$ainstrumentalist$3125 (=105)$933088$020139845$w10I05
=653  \\$aintermedium$3130 (=110), 132 (=112)$933097$020139845$w10I05
=653  \\$ainterpretatiedwang van componist$3147 (=127)$933107$020139845$w10I05
=653  \\$ainterpretatiedwang van componist$3169-197, 242$933107$020139845$w10I05
=653  \\$aintrada$3171$020139845$w10I05$933114
=653  \\$aklavecimbel_Duitsland 17e eeuw$3137 (=117), 139 (=119), 141 (=121)$933478$020139845$w10I05
=653  \\$aleren viva voce$3237$934060$020139845$w10I05
=653  \\$alirone$3148$934147$020139845$w10I05
=653  \\$alyra da braccio$3141 (=121)$934310$020139845$w10I05
=653  \\$alyra da gamba$3141 (=121), 148$934311$020139845$w10I05
=653  \\$ameespelen fuga inzet in bc$3138$934602$020139845$w10I05
=653  \\$ameespelen van bovenpartij in bc$3151$934606$020139845$w10I05
=653  \\$amordent om zuiverheid in MT stemming op te lossen$381$934871$020139845$w10I05
=653  \\$aNascimbeni, S.$35$935151$020139845$w10I05
=653  \\$aniet meespelen van solopartij$3139$935239$020139845$w10I05
=653  \\$aornament/fundament instr.$3139-142 (=119-122), 139, 146-148, 182$935618$020139845$w10I05
=653  \\$aPalavicino, B.$370-72, 99$935722$020139845$w10I05
=653  \\$aPalestrina en bc$3129, 130$935724$020139845$w10I05
=653  \\$aPalestrina_na dood$3129, 150$935726$020139845$w10I05
=653  \\$apassamezzo$326 (=24)$935787$020139845$w10I05
=653  \\$apiffaro$3142 (=122)$935976$020139845$w10I05
=653  \\$apommer$3166-168$936064$020139845$w10I05
=653  \\$apunctum divisionis$334, 35$936264$020139845$w10I05
=653  \\$aRegnard, J.$392, 93$938328$020139845$w10I05
=653  \\$aribecchino = viool$3142 (=122)$938414$020139845$w10I05
=653  \\$aricercare$321$938423$020139845$w10I05
=653  \\$aritornello$3128 (=108), 129 (=109)$938474$020139845$w10I05
=653  \\$aRuffo, V.$3130$938631$020139845$w10I05
=653  \\$aStadlmayer, J.$389$936485$020139845$w10I05
=653  \\$aStrozzi, B.$3147 (=127), 134, 259$936643$020139845$w10I05
=653  \\$atempo$325(=23)-25, 48-81, 88, 129-132 (=109-112), 170, 259$936814$020139845$w10I05
=653  \\$atenoriserende cadens in bc etc.$3138$936848$020139845$w10I05
=653  \\$aToccata$3x8, 25 (=23), 151$923527$020139845$w10I05
=653  \\$aTrabacci, G.B.$3130$937058$020139845$w10I05
=653  \\$averstemmen in MT stemming van klavecimbel$381$937501$020139845$w10I05
=653  \\$aviola bastarda$3137 (=117)$937579$020139845$w10I05
=653  \\$avolte$325, 53, 129 (=109), 190$937723$020139845$w10I05
=653  \\$avolume$3128 (=108), 137 (=117)$937724$020139845$w10I05
=653  \\$avolume$3149$937724$020139845$w10I05
=653  \\$avoorwaarden bij muzikant$3229, 231, 232$937763$020139845$w10I05
=653  \\$azingen van de bc baslijn$3145$938153$020139845$w10I05
=856  \\$uhttps://imslp.org/wiki/Syntagma_Musicum_(Praetorius,_Michael)$3International Music Score Library Project
=942  \\$cBOO
=952  \\$00$10$2ddc$40$6KTS_1_000000000000000_C2_51_10I05$70$8RAR$92967$aORPH$bORPH$cKTS1_C2$d2020-07-08$eKoopman$oKTS1 C2.51 10I05$p20139845$r2021-01-12 00:00:00$w2021-01-12$yBOO
=999  \\$d2967

