=LDR  04765aam a2200685   4500
=001  2968
=008  221207s1749\\\\|||ga|||\||||\00|\0\ger\d
=041  \\$ager
=059  \\$apf
=100  \\$aHartung, Philipp Christoph $d1706-1776$4aut$97273
=245  \\$aMusicus theoretico-praticus
=250  \\$a1st ed.
=260  \\$aNuremberg$bFelßecker$c1749
=300  \\$a2 vols. in 1 ([iv]-88-[2]-16-[4]-32-[1] pages)$bmusical notation, illustrations, manuscript notes on title page$ecopy of Koopman's index from his facsimile-copy, copy of the introduction texts of the facsimile edition
=500  \\$acollection of 110 practical piano-examples separately paginated
=500  \\$acited in Koopman, Barokmuziek, theorie en praktijk ,1985, p. 8
=500  \\$aInserted copy of the introduction-texts from the facsimile-edition (Peters 1977, p/I-XIV) by Bernhard Billeter and Isolde Ahlgrimm
=561  \\$aEx libris Max Seiffert (Plate)
=590  \\$abey welchen anzutreffen I. die demonstrativische Theoria musica auf ihre wahre Principia gebauet, von vielen arithmetischen Subtilitaeten befreyet, hingegen die Abwechslung derer Harmonien, die daher entstehende Scalæ, und die aus der Harmonie entspringende Melodie, nebst noch mehrern bißher unerörtert gebliebenen Wichtigkeiten vestgestellet werden. II. DIe methodische Clavier-Anweisung mit Regeln und Exemplen, wozu noch kommet eine Anführung zu fugirenden Fantasien, zu rechter Executirung deß Chorals, zu rechtem Gebrauch eines neu-inventirten Circuli.
=590  \\$aDescription on title page of part two differs and is more elaborate than the announcement on title page of part one: 
" Des Musici Theoretico-practici Zweyter Theil enthaltend eine Methodische Clavier-Anweisung welche darleget Eine bequeme, hurtige, künstliche und künstlich scheinende Applicatur derer Finger. In Regeln und Exempeln. Ferner eine Anweisung zum Fansasiren auf fugierende Art. Wie auch Vortheile, welche im Choral zu gebrauchen, Und endlich einen neu-inventirten Circul zu denen Transitionen nöthig."
=648  \0$a18th Century (1701-1800)$1http://www.wikidata.org/entity/Q7015$920899
=650  \0$aMusic theory$1http://www.wikidata.org/entity/Q193544$92662
=650  \0$aMethod$1http://www.wikidata.org/entity/Q2250960$921402
=650  \0$aPiano$1http://www.wikidata.org/entity/Q5994$92127
=651  \0$aGermany$1http://www.wikidata.org/entity/Q183$9155
=653  \0$aaccentuatie in maat$368$020139846$w10I06_01$928445
=653  \0$abc$311$020139846$w10I06_02$929236
=653  \0$abc_componeren$311$020139846$w10I06_02$929282
=653  \0$amuziekles$33-einde$020139846$w10I06_02$935084
=653  \0$aorgel in eredienst$312$020139846$w10I06_02$935479
=653  \0$aemoties$39, 75$020139846$w10I06_01$931445
=653  \0$apubliek$371$020139846$w10I06_01$936257
=653  \0$aFischer, J.C.F.$37$020139846$w10I06_02$931729
=653  \0$atemperatuur$318, 21, 22$020139846$w10I06_01$936807
=653  \0$atoevoegen van trillers etc. $327$020139846$w10I06_01$936991
=653  \0$atransponeren$37, 12$020139846$w10I06_02$937072
=653  \0$atriller_vingerzetting$310$020139846$w10I06_02$937136
=653  \0$atrillers etc. $326, 27$020139846$w10I06_01$937147
=653  \0$atrillo$34, 26, 27$020139846$w10I06_01$937161
=653  \0$ahandhouding$37$020139846$w10I06_02$932548
=653  \0$auit 't hoofd spelen$36, 7, 12$020139846$w10I06_02$937279
=653  \0$avingerzetting$35-11$020139846$w10I06_02$937568
=653  \0$avingerzetting$33$020139846$w10I06_03$937568
=653  \0$avogelmuziek$36, 73, 74$020139846$w10I06_01$937695
=653  \0$aItaliaanse invloed in Duitsland$347, 48$020139846$w10I06_01$933141
=653  \0$aWalther, J.G.$3voorwoord, 73$020139846$w10I06_01$937860
=653  \0$arecitatief$385, 86$020139846$w10I06_01$938285
=653  \0$akoraal en tussenspel$313$020139846$w10I06_02$933703
=653  \0$akoraal en tussenspel$329$020139846$w10I06_03$933703
=653  \0$aritenuto$337$020139846$w10I06_01$938470
=653  \0$akwint/oktaafparallellen$311$020139846$w10I06_02$933824
=653  \0$aMattheson$311$020139846$w10I06_02$934534
=653  \0$amonochord$37, 18, 21$020139846$w10I06_01$934823
=653  \\$aduim op boventoets$314, 24, 25$931271$020139846$w10I06_03
=653  \\$amacht van muziek$39$934342$020139846$w10I06_01
=653  \\$astomme vingerwissel en vingerzetting$311, 12, 22, 24, 25, 29-31$936606$020139846$w10I06_03
=856  4\$uhttp://ks.imslp.net/files/imglnks/usimg/7/7b/IMSLP463740-PMLP239049-hartung_theoria_BSB.pdf
=942  \\$cBOO
=952  \\$00$10$2ddc$40$6KTS_1_000000000000000_C2_51_10I06$70$8RAR$92968$aORPH$bORPH$cKTS1_C2$d2020-07-08$eKoopman$l0$oKTS1 C2.51 10I06$p20139846$r2021-01-12 00:00:00$w2021-01-12$yBOO
=999  \\$d2968

