=LDR  04131aam a2200481   4500
=001  2969
=008  221207s1758\\\\||||||||\||||\00|\0\ger\d
=041  \\$ager
=100  \\$aSorge, Georg Andreas$d1703-1778$4aut$1http://www.wikidata.org/entity/Q88592$97274
=245  \\$aZuverläßige Anweisung Claviere und Orgeln behörig zu temperiren und zu stimmen
=260  \\$aLeipzig$aBad Lobenstein$bAuthenrieth$bSorge$c1758
=300  \\$a28 pages, 2 folded pages, 4 sheets of music examples
=500  \\$aGeorg Andreas Sorge (1703-1778) was a German organist, composer and, most notably, music theorist.
=500  \\$aSorge was admitted as a member in Lorenz Christoph Mizler's 'Correspondierender Societät der musicalischen Wissenschaften' in 1747, as the 15th member after Johann Sebastian Bach. Several disputes arose. Initially it was about a new tonal system, of dividing the octave into 55 microintervals, introduced by Georg Philipp Telemann. Since Telemann had only formulated the general conditions of his system, the Society, which was very involved in mathematical questions, insisted on receiving the exact mathematical calculation from the author. Since Telemann was not prepared to do this and was obviously neither aware of nor interested in such calculations, Sorge presented these mathematical definitions of Telemann's system in his writings after a dispute with the Society member Christoph Gottlieb Schröter. Sorge's qualified writings on the connection between mathematics and music were probably received with great enthusiasm by some interested members of the 'Societät'. Thus, from 1750 onwards, he attempted to take the place of the Society's secretary Mizler, but was unable to push through this request. Mizler was very annoyed by Sorge's actions, which resulted in disputes that lasted for years. The Society was considerably weakened by this and then dissolved from around 1761.
=590  \\$anebst einem Kupfer, welches die Ausmessung und Aisrechnung der Temperatur, wie auch das Telemannische Intervallen-System ec. darstellet auf Veranlassung Herrn Barthold Fritzens, Instrumentmachers in Braunschweig herausgegebenen mechanischen At zu stimmen, und zur Vertheidigung gegen deßelben Angrif entworfen
=600  \0$aTelemann, Georg Philipp$d1681-1767$1http://www.wikidata.org/entity/Q75854$99287
=648  \0$a18th Century (1701-1800)$1http://www.wikidata.org/entity/Q7015$920899
=650  \0$aOrganology$1http://www.wikidata.org/entity/Q899293$921400
=650  \0$aTuning$1http://www.wikidata.org/entity/Q858576$921655
=650  \0$aTemperament$1http://www.wikidata.org/entity/Q55073971$921656
=651  \0$aGermany$1http://www.wikidata.org/entity/Q183$9155
=653  \0$aAdlung$328$020139838$w10I07$928497
=653  \0$aSorge$35$020139838$w10I07$936375
=653  \0$aFritz, B.$3tp, voorwoord A, B, 2, 4 etc.$020139838$w10I07$931926
=653  \0$aTelemann, J.M.$3tp$020139838$w10I07$936798
=653  \0$atemperatuur$3wb, 7, 15, 18, 20, 27-einde$020139838$w10I07$936807
=653  \0$azuiverheid$329$020139838$w10I07$938176
=653  \0$aklavichord_Duitsland 18e eeuw$3wb$020139838$w10I07$933573
=653  \0$akoortoon$3voorwoord B, 17$020139838$w10I07$933686
=653  \0$amonochord$327$020139838$w10I07$934823
=653  \\$aBendeler$324$929417$020139838$w10I07
=653  \\$aCramer, J.T.$3opdracht$930834$020139838$w10I07
=653  \\$aHofmann, J.G.$3opdracht$932837$020139838$w10I07
=653  \\$aorgelpijp mensuren$323, 25$935563$020139838$w10I07
=653  \\$aOtto, J.D.$3opdracht$935646$020139838$w10I07
=653  \\$aSchlegel, J.C.$3opdracht$938870$020139838$w10I07
=653  \\$astempijp$327, 28$936564$020139838$w10I07
=653  \\$aVölker, J.$3opdracht$937716$020139838$w10I07
=700  \\$4asn$aFritz, Barthold$d1697-1766$1http://www.wikidata.org/entity/Q55901412$94805
=856  \\$uhttps://books.google.be/books?id=PRFDAAAAcAAJ$3Google Books
=942  \\$cBOO
=952  \\$00$10$2ddc$40$6KTS_1_000000000000000_C2_51_10I07$70$8RAR$92969$aORPH$bORPH$cKTS1_C2$d2020-07-08$eKoopman$l0$oKTS1 C2.51 10I07$p20139838$r2021-01-12 00:00:00$w2021-01-12$yBOO
=999  \\$d2969

