=LDR  03557    a2200685   4500
=001  2970
=008  220609s1743\\\\|||agf||\||||\00|\0\dut\d
=041  \\$adut
=100  \\$aZumbach von Coesfeld, Coenraad$d1697-1780$4aut$97275
=245  \\$aInstitutiones musicæ$bof Korte onderwijzingen rakende de praktijk van de musyk, en inzonderheid van den generaalen bas of bassus continuus, benevens de daer úit sprúitende gronden van de compositie
=250  \\$a1st ed.
=260  \\$aLeiden$bPotvliet$c1743
=300  \\$a[vi]-76 pages$bengraved title page, 8 folded sheets of music examples
=500  \\$aCoenraad or Conradus Zumbach von Coesfeld (1697-1780) was the city of Leiden's medicine. He published widely on various subjects, see also 12B22.
=648  \0$a18th Century (1701-1800)$1http://www.wikidata.org/entity/Q7015$920899
=650  \0$aMethod$1http://www.wikidata.org/entity/Q2250960$921402
=650  \0$aBasso continuo$1http://www.wikidata.org/entity/Q724321$921065
=650  \0$aComposing$1http://www.wikidata.org/entity/Q92186587$93076
=651  \0$aNetherlands$1http://www.wikidata.org/entity/Q55$9173
=653  \0$a?-stemmig bc$316$020138934$w10I08$928330
=653  \0$a??$3tp$020138934$w10I08$928331
=653  \0$aakoestiek$348-55$020138934$w10I08$928552
=653  \0$aAlbinoni$335$020138934$w10I08$928564
=653  \0$ablokfluit$3tp$020138934$w10I08$929645
=653  \0$abc$3wb, 1-26, 47$020138934$w10I08$929236
=653  \0$acomponeren$327-47$020138934$w10I08$930621
=653  \0$anotatieproblemen$3taf vii$020138934$w10I08$935285
=653  \0$acontrapunt$35-10, 32-36, 38$020138934$w10I08$930699
=653  \0$aCorelli, A.$335$020138934$w10I08$930736
=653  \0$adynamiek en bc$316$020138934$w10I08$931351
=653  \0$aechoeffekt$374$020138934$w10I08$931377
=653  \0$aemoties$3x3, 26$020138934$w10I08$931445
=653  \0$asub/semitoetsen$362$020138934$w10I08$936666
=653  \0$aTartini, G.$335$020138934$w10I08$936753
=653  \0$aGeminiani$335$020138934$w10I08$932109
=653  \0$atemperatuur$33, 4, 58-63$020138934$w10I08$936807
=653  \0$atempo$329, 39$020138934$w10I08$936814
=653  \0$atrompet$3tp$020138934$w10I08$937194
=653  \0$aharp$3tp$020138934$w10I08$932582
=653  \0$avan bc naar compositie$32, 18, 27, 47$020138934$w10I08$937336
=653  \0$aVeracini$335$020138934$w10I08$937389
=653  \0$ahoorn$3tp$020138934$w10I08$932928
=653  \0$aKircher, A.$362$020138934$w10I08$933414
=653  \0$aklavecimbel_Nederland 18e eeuw$33$020138934$w10I08$933503
=653  \0$akwint/oktaafparallellen$316$020138934$w10I08$933824
=653  \0$aLocatelli, P.$335$020138934$w10I08$934169
=653  \0$aluit$3tp$020138934$w10I08$934262
=653  \0$aMattheson$362$020138934$w10I08$934534
=653  \0$aMersenne$362$020138934$w10I08$934691
=653  \\$aAlensoon, J.$3x2$928587$020138934$w10I08
=653  \\$afuga$340-46$931941$020138934$w10I08
=653  \\$ahoogte van bc$316$932923$020138934$w10I08
=653  \\$ameer dan 12 tonen per oktaaf$362$934590$020138934$w10I08
=653  \\$amonochord meting$355-64, 73$934824$020138934$w10I08
=653  \\$aValentini$335$937317$020138934$w10I08
=856  \\$uhttps://www.loc.gov/item/09013449/$3Library of Congress
=856  \\$uhttps://www.loc.gov/item/09013449/manifest.json$3IIIF manifest
=942  \\$cBOO
=952  \\$00$10$2ddc$40$6KTS_1_000000000000000_C2_51_10I08$70$8RAR$92970$aORPH$bORPH$cKTS1_C2$d2020-07-08$eKoopman$oKTS1 C2.51 10I08$p20138934$r2021-01-12 00:00:00$w2021-01-12$yBOO
=999  \\$d2970

