=LDR  01411    a2200289   4500
=001  2972
=008  221208s1714\\\\||||||||\||||\00|\0\ger\d
=041  \\$ager
=100  \\$4aut$aMichaelis, Georg$d1644-1719$925438
=245  \\$aDas zum Lobe Gottes in seinem Heiligthumb gewiedmete Orgel-Werck
=260  \\$aPlauen$bMichaëlis$c1714
=300  \\$a44-[3] pages
=500  \\$aM. Georg Michaëlis (1644-1719) was a German theologian and minister in Reuth and Steltzen.
=500  \\$aInauguration of the organ in the church of Steltzen
=500  \\$aheavily restored volume, with new binding
=648  \0$a18th Century (1701-1800)$1http://www.wikidata.org/entity/Q7015$920899
=650  \0$aOrganology$1http://www.wikidata.org/entity/Q899293$921400
=650  \0$aSermon$1http://www.wikidata.org/entity/Q60797$921869
=650  \0$aLute$1http://www.wikidata.org/entity/Q180733$93944
=651  \0$aVogtland (Germany)$1http://www.wikidata.org/entity/Q708317$925440
=653  \0$aorgel_in eredienst$39, 25-27$020139851$w10I10$935507
=653  \0$amuziek$37-10, 25$020139851$w10I10$934990
=653  \\$aGruber, A.H.$35, 27$932438$020139851$w10I10
=653  \\$aSpielerey op orgel$327$936419$020139851$w10I10
=942  \\$cBOO
=952  \\$00$10$2ddc$40$6KTS_1_000000000000000_C2_51_10I10$70$8RAR$92972$aORPH$bORPH$cKTS1_C2$d2020-07-08$eKoopman$oKTS1 C2.51 10I10$p20139851$r2021-01-12 00:00:00$w2021-01-12$yBOO
=999  \\$d2972

