=LDR  05589    a2200901   4500
=001  2974
=008  221208s1744\\\\|||af|||\||||\00|\0\ger\d
=041  \\$ager
=245  \\$aDes neu-eröffneten historischen Bilder-Saals$nvol. 10
=250  \\$a1st ed.
=260  \\$aNuremberg$bBuggel$bSeiss$c1744
=300  \\$a[xiv]-1536-[46] pages$bengraved frontispiece
=500  \\$a'Neueröffneter historischer Bildersaal' was a 17-vol. book series published between 1692 and 1782. Contains numerous engravings.
=500  \\$a"About the history which took place under the reigning emperors Charles VI and Charles VII, from 1734 to 1743, especially in Europe, but also from time to time in the rest of the world and in the Church".

=500  \\$aThe target group was especially the youth, as can be seen from the title of the first edition: "Der Lehr-begierigen Jugend zu sonderbaren Nutzen und Erleuchterung also herausgegeben".
=561  \\$aEx libris Gordon Ritter (plate)
=563  \\$abound in white embossed leather, with coloured edges and metal locks
=590  \\$aDas ist: Kurtze, deutliche und impartheyische Beschreibung der Historiæ Universalis, enthaltend die Geschichte welche sich unter den Glorivürdigst-regierenden Kaysern Carolo VI und Carolo VII con dem Jahr 1734 bis auf das Jahr 1743 vornemlich in Euroa, auch sonst hin und wieder in der Welt und in der Kirche zugetragen. Durchgehends mit vielen Kupffern ausgezieret, und mit gehörigen Registern versehen.
=648  \0$a18th Century (1701-1800)$1http://www.wikidata.org/entity/Q7015$920899
=650  \0$aHistory$1http://www.wikidata.org/entity/Q309$921403
=650  \0$aPolitics$1http://www.wikidata.org/entity/Q7163$921826
=650  \0$aCuckoo$1http://www.wikidata.org/entity/Q18845$922474
=650  \0$aEducation$926206
=651  \0$aEurope$1http://www.wikidata.org/entity/Q46$991
=653  \0$aAlphen, H. v.$31531$020139852$w10I12$928616
=653  \0$aBach, J.S. $350$020139852$w10I12$928930
=653  \0$abibliotheek$3315, 413, 434, 479, 480, 507, 1207, 1491, 1515$020139852$w10I12$929548
=653  \0$ablokfluit$3320$020139852$w10I12$929645
=653  \0$aboekoplage $3513$020139852$w10I12$929700
=653  \0$aCaldara, A.$3195$020139852$w10I12$930130
=653  \0$aorgel_Denemarken, 18e eeuw$31335$020139852$w10I12$935496
=653  \0$aorgel_Duitsland, 18e eeuw$3332$020139852$w10I12$935500
=653  \0$aorgel_Polen, 18e eeuw$3647$020139852$w10I12$935520
=653  \0$aOttoboni$31390$020139852$w10I12$935648
=653  \0$aoud-nieuw$31510$020139852$w10I12$935651
=653  \0$apiëtisme$31502, 1503, 1511-1514, 1520, 1521$020139852$w10I12$935972
=653  \0$aprima vista$31359$020139852$w10I12$936203
=653  \0$aFarinelli$3537, 1237$020139852$w10I12$931610
=653  \0$aHändel, G.F.$31359$020139852$w10I12$932536
=653  \0$atrompet$349, 125, 188, 189, 191, 209, 256, 319, 335, 407, 650, 940, 1187, 1188, 1315, 1450$020139852$w10I12$937194
=653  \0$atrompetsordine$3209$020139852$w10I12$937199
=653  \0$aharp$3627, 891$020139852$w10I12$932582
=653  \0$aHasse$31359$020139852$w10I12$932603
=653  \0$ahobo$31187$020139852$w10I12$932805
=653  \0$aviool$3320$020139852$w10I12$937605
=653  \0$avrijmetselaars$3780-784, 1146, 1172, 1271, 1381$020139852$w10I12$937813
=653  \0$avuurwerk$3127 etc., 1188$020139852$w10I12$937821
=653  \0$aWeiße, C.$31495, 1527$020139852$w10I12$937913
=653  \0$awonderkind$3415, 1359$020139852$w10I12$938047
=653  \0$aklavecimbel_Duitsland 18e eeuw$3320$020139852$w10I12$933479
=653  \0$akoor/orkestopstelling$3188, 191, 320, 412, 647, 884$020139852$w10I12$933679
=653  \0$akoorbezetting$3127, 647$020139852$w10I12$933680
=653  \0$asalaris$3127, 537, 554$020139852$w10I12$938697
=653  \0$aScarlatti, D.$31359$020139852$w10I12$938790
=653  \0$aluit$3320$020139852$w10I12$934262
=653  \0$aslagwerk$349, 125, 188, 189, 191, 205, 206, 209, 319, 335, 407, 940, 1084, 1187, 1315, 1367, 1450$020139852$w10I12$939152
=653  \0$amise-en-scène$3597$020139852$w10I12$939272
=653  \0$amuziek$3192, 194, 300, 320, 321, 335, 336, 537, 817-819, 1172, 1236, 1237, 1359, 1510, 1511, 1517$020139852$w10I12$934990
=653  \\$aboekendief$3479, 480$929689$020139852$w10I12
=653  \\$aBordoni, Faustina$3321$921646$020139852$w10I12
=653  \\$acastrum doloris$3210-213, 394, 724, 877, 1222, 1326, 1346$930293$020139852$w10I12
=653  \\$aGessner$3416, 417$932151$020139852$w10I12
=653  \\$akanibalisme in Europa$3307$933302$020139852$w10I12
=653  \\$aKayserling$3321$933326$020139852$w10I12
=653  \\$aKeller$31359$933344$020139852$w10I12
=653  \\$aLeipzig_serenade 1734$349, 50$934020$020139852$w10I12
=653  \\$aNordhauser Liedbuch$31510, 1511$935271$020139852$w10I12
=653  \\$aorgels in Oost_18e eeuw$3188$935590$020139852$w10I12
=653  \\$aPfeiffer, J.G.$31515$935908$020139852$w10I12
=653  \\$aSchemelli$31517?$938833$020139852$w10I12
=653  \\$aSieber, U.G.$31516$939106$020139852$w10I12
=653  \\$aSport, A. v.$3365, 366$936445$020139852$w10I12
=653  \\$aVetter, J.P.$3891$937524$020139852$w10I12
=653  \\$aVoltaire$3471, 1198$95159$020139852$w10I12
=856  \\$uhttps://reader.digitale-sammlungen.de//resolve/display/bsb10034514.html$3Bavarian State Library
=942  \\$cBOO
=952  \\$00$10$2ddc$40$6KTS_1_000000000000000_C2_51_10I12$70$8RAR$92974$aORPH$bORPH$cKTS1_C2$d2020-07-08$eKoopman$l0$oKTS1 C2.51 10I12$p20139852$r2021-01-12 00:00:00$w2021-01-12$yBOO
=999  \\$d2974

