=LDR  02970    a2200517   4500
=001  2976
=008  210713s1704\\\\\\\i||||\||||\00|\0\lat\d
=041  \\$alat
=100  \\$aMelle, Jakob von$d1659-1743$4edt$1http://www.wikidata.org/entity/Q1677701$98133
=245  \\$aNova literaria Maris Balthici & Septentrionis:$bCollecta Lubecæ MDCCIV
=260  \\$aLübeck$aHamburg$bReumann$c1704
=300  \\$a384-[51] pages$bred edges, bound in white vellum
=490  \\$aNova literaria Maris Balthici & Septentrionis
=500  \\$a"contains a great deal of information on daily university life and musical life in Lübeck around 1700 (regularly you find information on Buxtehude there that does not appear referenced in the printed index)" (Koopman 2016, 675)
=501  \\$aBound in with Nova literaria Maris Balthici & Septentrionis: Edita MDCCI + MDCCII + MDCCIII 
=648  \0$a18th Century (1701-1800)$1http://www.wikidata.org/entity/Q7015$920899
=650  \0$aMusic history$1http://www.wikidata.org/entity/Q846047$921373
=650  \0$aScience$1http://www.wikidata.org/entity/Q7991$921650
=650  \0$aLiterature$1http://www.wikidata.org/entity/Q8242$94439
=650  \0$aHistory$1http://www.wikidata.org/entity/Q309$921403
=651  \0$aLübeck (Germany)$1http://www.wikidata.org/entity/Q2843$9125
=653  \0$aboekoplage $369, 303$020139858b$w10I13b$929700
=653  \0$aBuxtehude, D.$324$020139858b$w10I13b$930084
=653  \0$aopera$323$020139858b$w10I13b$935411
=653  \0$aOpitz, M.$3169, 271$020139858b$w10I13b$935443
=653  \0$adansen $3314$020139858b$w10I13b$930929
=653  \0$adrukfouten $3218$020139858b$w10I13b$931222
=653  \0$apiëtisme$3209, 258$020139858b$w10I13b$935972
=653  \0$aGottsched, J.$344, 79, 232$020139858b$w10I13b$932288
=653  \0$akabalistiek$386, 127, 257$020139858b$w10I13b$933280
=653  \0$aKeiser, R.$323$020139858b$w10I13b$933338
=653  \0$asalaris$365$020139858b$w10I13b$938697
=653  \0$aLübeck_Marienkirche$3205, 300, 314$020139858b$w10I13b$934249
=653  \0$aMeibomius$3249$020139858b$w10I13b$934613
=653  \0$amuziek$38, 23, 83, 88, 96, 165, 367?$020139858b$w10I13b$934990
=653  \\$aCalixto, M.$3165$930133$020139858b$w10I13b
=653  \\$aMajer, M.: Atlanta fugiens$319$934379$020139858b$w10I13b
=653  \\$aMenantes$352, 87$934639$020139858b$w10I13b
=653  \\$aSchacht, M.H.$382$938794$020139858b$w10I13b
=653  \\$aStryker, E.A.$3361$936650$020139858b$w10I13b
=653  \\$aTilesius, B.$378$936940$020139858b$w10I13b
=773  \\$02975$tNova literaria Maris Balthici & Septentrionis: Edita MDCCI + MDCCII + MDCCIII $w2975
=856  4\$uhttp://dspace.ut.ee/bitstream/handle/10062/27714/r_est_a_1383_1.pdf?sequence=3&isAllowed=y
=942  \\$cPER
=952  \\$00$10$2ddc$40$6KTS_1_000000000000000_C2_51_10I13B$70$8RAR$92976$aORPH$bORPH$cKTS1_C2$d2020-07-08$eKoopman$l0$oKTS1 C2.51 10I13b$p20139858b$r2021-01-12 00:00:00$w2021-01-12$yBOO
=999  \\$d2976

