=LDR  05345    a2200817   4500
=001  2978
=008  210713i17051706\\\a||||\||||\00|\0\lat\d
=041  \\$alat
=100  \\$aMelle, Jakob von$d1659-1743$4edt$1http://www.wikidata.org/entity/Q1677701$98133
=245  \\$aNova literaria Maris Balthici & Septentrionis:$bCollecta Lubecæ MDCCV + MDCCVI
=260  \\$aLübeck$aHamburg$bReumann$c1705-06
=300  \\$a2 vols. in 1 (384-[62]-384-[32] pages$billustrations, red edges, bound in marbled cardboard, white vellum corners and spine
=490  \\$aNova literaria Maris Balthici & Septentrionis
=500  \\$a Jacob von Melle was a German Lutheran theologian, polymath and author. 
=500  \\$aScholarly monthly journal for intellectual exchange in the entire Baltic Sea region, with title announcements and sometimes detailed reports on new publications in all fields of knowledge, but also historical, especially antiquarian, treatises were delivered, arranged according to their place of printing around the Baltic Sea. In addition, there are regional news items.
=500  \\$a"contains a great deal of information on daily university life and musical life in Lübeck around 1700 (regularly you find information on Buxtehude there that does not appear referenced in the printed index)" cit. 'Ton Koopman on bookcollecting’ In: Notes, Quarterly Journal of the Music Library Association Vol.72 No.4 ed. D. Campana (2016, p.675) 
=500  \\$a In total 11 volumes. Originally published by Böckmann in Lübeck (see 10I-14); from vol. 7 on published by Reumann in Hamburg and Lübeck 
=648  \0$a18th Century (1701-1800)$1http://www.wikidata.org/entity/Q7015$920899
=650  \0$aMusic history$1http://www.wikidata.org/entity/Q846047$921373
=650  \0$aScience$1http://www.wikidata.org/entity/Q7991$921650
=650  \0$aLiterature$1http://www.wikidata.org/entity/Q8242$94439
=650  \0$aHistory$1http://www.wikidata.org/entity/Q309$921403
=651  \0$aLübeck (Germany)$1http://www.wikidata.org/entity/Q2843$9125
=651  \0$aHamburg (Germany)$1http://www.wikidata.org/entity/Q1055$921940
=651  \0$aBaltic States$1http://www.wikidata.org/entity/Q39731$922681
=653  \0$aboekinventaris$3106, 107$020139931$w10I15_01$929697
=653  \0$aboekprijs$3203?$020139931$w10I15_01$929701
=653  \0$aboekveiling$3256, 310$020139931$w10I15_02$929702
=653  \0$aBuxtehude, D.$3123, 124$020139931$w10I15_02$930084
=653  \0$amuziek in eredienst$3185, 344, 345$020139931$w10I15_01$935012
=653  \0$aNoëls$3137, 138$020139931$w10I15_02$935261
=653  \0$aorgel$3230$020139931$w10I15_01$935465
=653  \0$aDescartes, R.$356, 153, 265$020139931$w10I15_01$931025
=653  \0$aDescartes, R.$3141, 142, 156$020139931$w10I15_02$931025
=653  \0$adrukfouten $312-32$020139931$w10I15_02$931222
=653  \0$apest$348-51$020139931$w10I15_02$935876
=653  \0$apiëtisme$335, 82, 130, 138, 329-332$020139931$w10I15_02$935972
=653  \0$aPoolse invloed in Duitsland$3225$020139931$w10I15_02$936072
=653  \0$aFischer, J.C.$3225, 226$020139931$w10I15_02$931728
=653  \0$ageboorte/dood/huwelijksaantallen Gdansk$3176$020139931$w10I15_02$932059
=653  \0$aGottsched, J.$3361, 362$020139931$w10I15_01$932288
=653  \0$aGroot, H. de$376$020139931$w10I15_02$932424
=653  \0$aUffenbach, A. v.$3186$020139931$w10I15_01$937269
=653  \0$averzamelen$3105-115, 220, 221$020139931$w10I15_01$937514
=653  \0$aWagenseil, J. C.$338$020139931$w10I15_01$937834
=653  \0$aWagenseil, J. C.$327, 238$020139931$w10I15_02$937834
=653  \0$alamento$3225$020139931$w10I15_02$933868
=653  \0$aLübeck_Marienkirche$363, 64, 123, 124, 223, 286, 381$020139931$w10I15_02$934249
=653  \0$amuziek$37, 58, 344, 345, 380$020139931$w10I15_01$934990
=653  \0$amuziek$3123, 124, 127, 128, 223, 225, 226, 282, 286, 365, 376$020139931$w10I15_02$934990
=653  \\$aHintze, J.J.$334, 197$932796$020139931$w10I15_01
=653  \\$aJoseph I$3319$924943$020139931$w10I15_01
=653  \\$aJoseph I$363, 64, 123, 124$924943$020139931$w10I15_02
=653  \\$aLeopold I$3264, 319$922858$020139931$w10I15_01
=653  \\$aLeopold I$363, 64, 123, 124, 136, 137$922858$020139931$w10I15_02
=653  \\$aLindenberg, C.$312$934129$020139931$w10I15_02
=653  \\$aLübeck_Abendmusik$3124=114^2$934244$020139931$w10I15_02
=653  \\$aLübeck_Jacobikerk$3319, 320, 375$934248$020139931$w10I15_02
=653  \\$aMachiavelli$367$934338$020139931$w10I15_02
=653  \\$aPagendarm, J.$3127, 128, 223$935711$020139931$w10I15_02
=653  \\$aPagendarm, J.G.$329, 32, 260$935713$020139931$w10I15_01
=653  \\$aPreus, G.$3365$936155$020139931$w10I15_02
=653  \\$aPythagoras$3197, 198, 230$921682$020139931$w10I15_01
=653  \\$aSivers, H.$3223, 380$939145$020139931$w10I15_02
=653  \\$aSpener, J.Ph.$378$936400$020139931$w10I15_02
=653  \\$atestament$3281-288$936874$020139931$w10I15_02
=653  \\$aTil, S. van $384$936937$020139931$w10I15_01
=856  \\$uhttps://books.google.be/books?id=x_FSAAAAcAAJ$3Google Books
=942  \\$cPER
=952  \\$00$10$2ddc$40$6KTS_1_000000000000000_C2_55_10I15$70$8RAR$92978$aORPH$bORPH$cKTS1_C2$d2020-07-08$eKoopman$oKTS1 C2.55 10I15$p20139931$r2021-01-12 00:00:00$w2021-01-12$yPER
=999  \\$d2978

