=LDR  07644aam a2201261   4500
=001  2980
=008  221220s1742\\\\|||a||||\||||\00|\0\ger\d
=041  \\$ager
=100  \\$aVoigt, Johann Carl$4aut$97281
=245  \\$aGespräch von der Musik zwischen einem Organisten und Adjuvanten
=260  \\$aErfurt$bJungnicol$c1742
=300  \\$a[xii]-138-[6] pages$bfrontispiece engraving, manuscript contributions$e2 loose folded color photos
=500  \\$aText is anonymous
=500  \\$aJohann Carl Voight was organist at Waldenberg in Saxony. (Gespräch der Musik is) a dialogue on music between an organist and his deputy, in which the abuses prevalent in musical performances at that period are vigorously controverted (cit J. Moore, Complete Encyclopedia of Music, 1834)
=500  \\$aContains an unidentified handwriting of 6 pages, consisting of a manuscript copy of the missing pages 139-140 of the print, 2 pages which are also included as loose folded photos
=500  \\$alovely contropiatto (frontispiece engraving)  of a musical ensemble consisting of a traverso, oboe, violin, double-bass, and organ
=500  \\$aIntroduction by Lorenz Christoph Mizler von Kolof (1711-1778) Composer, Musical Scholar, Bach's Pupil
=561  \\$aEx libris Ritter (manuscript)
=590  \\$aDarinnen nicht nur von verschiedenen Missbräuchen, so bey der Musik eingerissen, gehandelt, Sondern auch eines und das andere Klavier=und Orgel=Spielen angemerket wird. Wen Musik=liebenden zum sonderbaren Zeit=Vertreib, denen neu=angehenden Organisten und Clavier=Incipienten aber zum merklichen Unterricht an das Licht gestellet Von einem, der von Jugend auf Christlich Unterrichtet, und Oeffentlich die Wahrheit an den Tag gegeben. In IV. Unterredungen.
=648  \0$a18th Century (1701-1800)$1http://www.wikidata.org/entity/Q7015$920899
=650  \0$aMusic history$1http://www.wikidata.org/entity/Q846047$921373
=650  \0$aOrgan music$1http://www.wikidata.org/entity/Q2003283$91951
=650  \0$aKeyboard music$1http://www.wikidata.org/entity/Q105715630$921412
=650  \0$aPerformance$926223
=650  \0$aMusic criticism$1http://www.wikidata.org/entity/Q11748889$921598
=651  \0$aGermany$1http://www.wikidata.org/entity/Q183$9155
=653  \0$aAhle, J.R.$313, 15, 38, 96$020139935$w10I17$928542
=653  \0$aalcohol$32, 21$020139935$w10I17$928577
=653  \0$aarpeggio$322$020139935$w10I17$928797
=653  \0$aBach, J.S. $32, 38, 39, 103$020139935$w10I17$928930
=653  \0$aboekprijs$340$020139935$w10I17$929701
=653  \0$abc$320, 25, 27-115$020139935$w10I17$929236
=653  \0$abc en orgelregistratie$3115, 116$020139935$w10I17$929260
=653  \0$abc zonder becijfering$327, 28, 113, 114$020139935$w10I17$929280
=653  \0$aBronner$354, 90$020139935$w10I17$929956
=653  \0$acantate$3117, 120$020139935$w10I17$930188
=653  \0$amuziek in eredienst$39, 11, 12, 35, 40, 41, 44, 77, 90, 92, 94-98, 101$020139935$w10I17$935012
=653  \0$acollegium musicum$336, 100, 101$020139935$w10I17$930595
=653  \0$aNeumeister$37, 58$020139935$w10I17$935210
=653  \0$acomponeren van werk$340$020139935$w10I17$930628
=653  \0$aop de wijze van $344-51, 54, 55, 67, 73$020139935$w10I17$935398
=653  \0$aorganist$31-99$020139935$w10I17$935454
=653  \0$aorgelregistratie en gemeentezang$395, 99$020139935$w10I17$935578
=653  \0$adirigent$336, 37$020139935$w10I17$931092
=653  \0$aparodie$344-51, 53-57, 72, 75$020139935$w10I17$935769
=653  \0$adwarsfluit$3fs$020139935$w10I17$931340
=653  \0$adynamiek $396$020139935$w10I17$931347
=653  \0$aemoties$3a3, 9, 43, 63-65$020139935$w10I17$931445
=653  \0$aenharmonisch$321$020139935$w10I17$931478
=653  \0$aPraetorius, M.$391, 129$020139935$w10I17$936131
=653  \0$aPrintz, W.C.$353, 58, 64, 125, 129$020139935$w10I17$936212
=653  \0$apsalterium$354$020139935$w10I17$936252
=653  \0$asolmisatie$318$020139935$w10I17$936344
=653  \0$astemmen van orkestje in kerk$392, 93$020139935$w10I17$936555
=653  \0$aStölzel$32$020139935$w10I17$936601
=653  \0$aTelemann, G.P.$32, 28, 62, 114$020139935$w10I17$936796
=653  \0$atemperatuur$319, 20, 32, 39, 40, 103$020139935$w10I17$936807
=653  \0$atempo van gemeentezang$339, 96$020139935$w10I17$936824
=653  \0$atoucher$338$020139935$w10I17$937044
=653  \0$atremulant$399$020139935$w10I17$937097
=653  \0$atrompet$388$020139935$w10I17$937194
=653  \0$aHeinichen$327, 89, 101, 116$020139935$w10I17$932675
=653  \0$avibrato$396?$020139935$w10I17$937531
=653  \0$ahobo$3fs, 83$020139935$w10I17$932805
=653  \0$aviool$3fs, 83$020139935$w10I17$937605
=653  \0$aimprovisatie$310, 11, 20, 92, 97, 98, 110$020139935$w10I17$933059
=653  \0$avrijheid in recitatief$336$020139935$w10I17$937808
=653  \0$aWalther, J.G.$321$020139935$w10I17$937860
=653  \0$aWerckmeister$319, 50, 55, 56, 114, 133$020139935$w10I17$937928
=653  \0$awonderkind$361, 62$020139935$w10I17$938047
=653  \0$aKircher, A. $3125$020139935$w10I17$933415
=653  \0$aklavecimbel_Duitsland 18e eeuw$3109$020139935$w10I17$933479
=653  \0$aklavichord_Duitsland 18e eeuw$338, 102$020139935$w10I17$933573
=653  \0$aklokkenspelregister op orgel$338$020139935$w10I17$933633
=653  \0$akoor/orkestopstelling$3fs$020139935$w10I17$933679
=653  \0$akoraal en tussenspel$339, 95, 97$020139935$w10I17$933703
=653  \0$aKrebs$3103$020139935$w10I17$933751
=653  \0$aKühnau, J.$389, 91$020139935$w10I17$933784
=653  \0$akwint/oktaafparallellen$335$020139935$w10I17$933824
=653  \0$asalaris$33, 24, 105, 135$020139935$w10I17$938697
=653  \0$alesgeld$3107$020139935$w10I17$934067
=653  \0$aSilbermann, G.$3103$020139935$w10I17$939116
=653  \0$aMattheson$318, 20, 26, 28, 47, 59, 62, 90, 113, 116, 117, 123, 124$020139935$w10I17$934534
=653  \0$aMizler, L.$3(1ste) Vorrede, 21, 103, 112, 113$020139935$w10I17$934784
=653  \\$abespelen van meer instrumenten$39, 83$929496$020139935$w10I17
=653  \\$aButtstädt, J.H.$318, 27, 90$930077$020139935$w10I17
=653  \\$acontrabas$3fs$930692$020139935$w10I17
=653  \\$aFockerodt$3106$931788$020139935$w10I17
=653  \\$aFuhrmann, M.H.$3117$931946$020139935$w10I17
=653  \\$aGerber$35-7$932126$020139935$w10I17
=653  \\$aHüttenrauch, J.P.$388$933025$020139935$w10I17
=653  \\$aKauffmann$339, 40, 43, 97$933322$020139935$w10I17
=653  \\$aKegel$32$933331$020139935$w10I17
=653  \\$akunstzinnig bc spel$3115, 116$933792$020139935$w10I17
=653  \\$aLincke$3103-106$934122$020139935$w10I17
=653  \\$amaestro al violino$336, 37$934355$020139935$w10I17
=653  \\$aMeyer, J.$3117-120, 122, 123, 128$934736$020139935$w10I17
=653  \\$apedaalapplikatuur$3fs$935819$020139935$w10I17
=653  \\$aScheibel, G.E.$386, 118$938816$020139935$w10I17
=653  \\$aScheiner$326$938828$020139935$w10I17
=653  \\$aTil, S. van $3123$936937$020139935$w10I17
=653  \\$aTrost, J.C.$398$937203$020139935$w10I17
=700  \\$4win$aMizler, Lorenz Christoph$d1711-1778$921447
=856  \\$uhttps://www.loc.gov/item/09004235/$3Library of Congress
=856  \\$uhttps://bildsuche.digitale-sammlungen.de/index.html?c=viewer&l=de&bandnummer=bsb00045519&pimage=00002&v=100&nav=$3Bavarian State Library
=942  \\$cBOO
=952  \\$00$10$2ddc$40$6KTS_1_000000000000000_C2_55_10I17$70$8RAR$92980$aORPH$bORPH$cKTS1_C2$d2020-07-08$eKoopman$oKTS1 C2.55 10I17$p20139935$r2021-01-12 00:00:00$w2021-01-12$yBOO
=999  \\$d2980

