=LDR  02704    a2200445   4500
=001  2981
=008  221220s1698\\\\||||||||\||||\00|\0\ger\d
=041  \\$ager
=059  \\$abc
=100  \\$aWerckmeister, Andreas$d1645-1706$4aut$1http://www.wikidata.org/entity/Q61162$94936
=245  \\$aDie nothwendigsten Anmerckungen und Regeln wie der Bassus continuus oder General-Baß wol könne tractiret werden
=250  \\$a1st ed.
=260  \\$aAschersleben$bStruntz$c1698
=300  \\$a[16 pages]$btitle page in red & black ink, modern binding in white vellum
=500  \\$aAndreas Werckmeister was a German organist, music theorist, and composer. He was amongst the earliest advocates of equal temperament, and through this advocacy was highly influential to the harmonic basis underlying almost all of subsequent Western music.
=561  \\$aEx libris Alfred Cortot (plate)
=590  \\$aAus dem wahren Fundament Der Musikalischen Komposition Denen Anfängern zu besserer Nachricht aufgesetzet
=648  \0$a17th Century (1601-1700)$1http://www.wikidata.org/entity/Q7016$920923
=650  \0$aBasso continuo$1http://www.wikidata.org/entity/Q724321$921065
=650  \0$aMethod$1http://www.wikidata.org/entity/Q2250960$921402
=651  \0$aGermany$1http://www.wikidata.org/entity/Q183$9155
=653  \0$a?st. bc$39$020139934$w10I18$928334
=653  \0$abc$3wb, 9, 10$020139934$w10I18$929236
=653  \0$abc en compositie$3a2$020139934$w10I18$929250
=653  \0$aorganist$311$020139934$w10I18$935454
=653  \0$adiminuties en bc$39$020139934$w10I18$931090
=653  \0$aimprovisatie$311$020139934$w10I18$933059
=653  \0$aWerckmeister, A.$3wb$020139934$w10I18$937929
=653  \0$akerktoonsoorten$311, 12$020139934$w10I18$933376
=653  \0$akwint/oktaafparallellen$36, 10$020139934$w10I18$933824
=653  \\$abegrenzing van hoogte van RH$37$929373$020139934$w10I18
=653  \\$astemvoering in RH$35$936572$020139934$w10I18
=653  \\$atenoriserende cadens$37, 8$936846$020139934$w10I18
=653  \\$averdubbelen van dissonant$310$937402$020139934$w10I18
=653  \\$awanneer RH akkoorden in bc$37$937865$020139934$w10I18
=856  \\$uhttps://imslp.org/wiki/Die_nothwendigsten_Anmerckungen_und_Regeln_des_General-Bass_(Werckmeister%2C_Andreas)$3International Music Score Library Project
=942  \\$cBOO
=952  \\$00$10$2ddc$40$6KTS_1_000000000000000_C2_55_10I18$70$8RAR$92981$aORPH$bORPH$cKTS1_C2$d2020-07-08$eKoopman$oKTS1 C2.55 10I18$p20139934$r2021-01-12 00:00:00$w2021-01-12$yBOO
=952  \\$00$10$2ddc$40$6TRE_WERC$70$8TRE$920194$aORPH$bORPH$cKTS1_H$d2020-07-08$eKoopman$i14B43$l0$oTRE WERC$p20124599$r2021-05-21 00:00:00$w2021-05-21$yBOO$zReprint
=999  \\$d2981

