=LDR  02748aam a2200445   4500
=001  2982
=005  20250917102403.0
=008  220225s1707\\\\||||||||\||||\00|\0bger\d
=041  \\$ager
=100  \\$aGötze, Johann Melchior$d1658-1727$4aut$97282
=245  \\$aDer weit-berühmte Musicus und Organista wurde bey trauriger Leich-Bestellung des Weyland Edlen und Kunst-Hoch-erfahrnen Herrn Andreae Werckmeisters
=260  \\$aHalberstadt [?]$bs.n.$c1707
=300  \\$a[16 pages]
=500  \\$aOne of Ton Koopman's favorite books, see  'Ton Koopman on bookcollecting’ In: Notes, Quarterly Journal of the Music Library Association Vol.72 No.4 ed. D. Campana (2016, p.675) 
=500  \\$aJohann Melchior Goetze (1658-1727) studied in Jena; he was cathedral preacher, church councillor and consistory councillor in Halberstadt
=563  \\$aMarbled carboard cover
=590  \\$aTreu=verdient=gewesenen Organistens bey unserer ST.Martini=Kirche und königl. Preuss. wohl=bestallt=gewesenen Inspectoris über alle Orgel=Wercke um Fürstenthumb Halberstadt. Welcher am abgewichenen 26. Oktobr. des 1706ten Jahres in JESU seelig verstorben. In einer Stand=Rede dargestellet Vom Iohann Melchior Bözen
=600  \0$aWerckmeister, Andreas$d1645-1706$1http://www.wikidata.org/entity/Q61162$94936
=648  \0$a18th Century (1701-1800)$1http://www.wikidata.org/entity/Q7015$920899
=650  \0$aFuneral$1http://www.wikidata.org/entity/Q201676$93261
=650  \0$aSermon$1http://www.wikidata.org/entity/Q60797$921869
=650  \0$aPoetry$1http://www.wikidata.org/entity/Q482$93026
=650  \0$aOrgan$1http://www.wikidata.org/entity/Q1444$92810
=650  \0$aLegacy$1http://www.wikidata.org/entity/Q623282$922131
=650  \0$aBiography$1http://www.wikidata.org/entity/Q36279$91927
=651  \0$aGermany$1http://www.wikidata.org/entity/Q183$9155
=653  \0$aFranse invloed in Duitsland$313$020139933$w10I19$931878
=653  \0$atemperatuur$313, 14$020139933$w10I19$936807
=653  \0$atoonaardkarakteristiek$34$020139933$w10I19$937025
=653  \0$ainvloed_Italië in Duitsland$313$020139933$w10I19$933119
=653  \0$aWerckmeister, A.$3wb, x2, 6-14$020139933$w10I19$937929
=653  \0$akerktoonsoorten$34, 5$020139933$w10I19$933376
=653  \0$alamento$3wb$020139933$w10I19$933868
=653  \0$aluit$35$020139933$w10I19$934262
=653  \\$aHerold, J.V.$312-14$932737$020139933$w10I19
=653  \\$aTrost, J.C.$310$937203$020139933$w10I19
=856  \\$uhttps://books.google.be/books?id=54-rLczlxD4C$3Google Books
=942  \\$cBOO
=952  \\$00$10$2ddc$40$6KTS_1_000000000000000_C2_55_10I19$70$8RAR$92982$aORPH$bORPH$cKTS1_C2$d2020-07-08$eKoopman$oKTS1 C2.55 10I19$p20139933$r2021-01-12 00:00:00$w2021-01-12$yBOO
=999  \\$d2982

