=LDR  03569aam a2200541   4500
=001  2984
=005  20251031160437.0
=008  220610s1700\\\\|||g||||\||||\00|\0\ger\d
=041  \\$ager
=100  \\$aWerckmeister, Andreas$d1645-1706$4aut$1http://www.wikidata.org/entity/Q61162$94936
=245  \\$aCribrum Musicum,$boder Musicalisches Sieb. Der Wahre Virtuose und glückselige Musicus
=250  \\$a1st ed.
=260  \\$aQuedlinburg$aLeipzig$bCalvisius$c1700
=300  \\$a[viii]-60 pages$bmusic examples
=500  \\$aOne of the earliest examples of German music criticism. Written in the form of an epistle, it undertakes scathing criticism of an erroneous fugue by an unknown author. A primary focus is what Werckmeister saw as the improper use of the modes. It is appended with a part of Johann Kuhnau's 'Musicalischer Quack-Salber' (1700) entitled 'The True Virtuoso and Blissful Musician' (Der wahre Virtuose und glückselige Musicus, pages 42 to 60) , which Johann Georg Carl, a Halberstadt town musician who facilitated the treatise's publication, felt fortified Werckmeister's commentary. 
=533  \\$aDigitized by iGuana, Spring 2025.
=561  \\$aEx libris Alfred Cortot (plate)
=590  \\$aDarinnen einige Mängel eines halb Gelehrten Componisten vorgestellet und das Böse von dem Guten gleichsam ausgesiebet und abgesondert worden. In einem Sendschreiben An einem guten Freund dargestellet. Dann denen unzeitigen Componisten zur Nachricht und fleissigern Nachsinnen zum Druck befördert Durch Johann Georg Carln bestalten Stadt=Musicum in Halberstadt.
=648  \0$a17th Century (1601-1700)$1http://www.wikidata.org/entity/Q7016$920923
=650  \0$aMusic criticism$1http://www.wikidata.org/entity/Q11748889$921598
=650  \0$aComposing$1http://www.wikidata.org/entity/Q92186587$93076
=651  \0$aGermany$1http://www.wikidata.org/entity/Q183$9155
=653  \0$abc$349$020139937$w10I21$929236
=653  \0$abespelen van meer instrumenten$350$020139937$w10I21$929496
=653  \0$acastraten$345$020139937$w10I21$930282
=653  \0$aoud-nieuw$339-41$020139937$w10I21$935651
=653  \0$aoude muziek vroeger$330$020139937$w10I21$935658
=653  \0$aprima vista$349$020139937$w10I21$936203
=653  \0$apubliek$357, 58$020139937$w10I21$936257
=653  \0$afuga$3a3, 1, 11-27$020139937$w10I21$931941
=653  \0$atemperatuur$332$020139937$w10I21$936807
=653  \0$aHammerschmidt$352$020139937$w10I21$932529
=653  \0$aimprovisatie$346$020139937$w10I21$933059
=653  \0$aWerckmeister, A.$3wb$020139937$w10I21$937929
=653  \0$azuiverheid$332$020139937$w10I21$938176
=653  \0$aklavichord_Duitsland 18e eeuw$343$020139937$w10I21$933573
=653  \0$aKuhnau, J.$3a2, 18, 19, 36, 42-60$020139937$w10I21$933783
=653  \0$akwint/oktaafparallellen$3a3, 2-5, 20, 22, 23$020139937$w10I21$933824
=653  \0$aScheidt, S.$341$020139937$w10I21$938823
=653  \0$aSchütz, H.$330, 39$020139937$w10I21$939007
=653  \\$aBeer$336$925976$020139937$w10I21
=653  \\$aCarl, J.G.$3tp, vw$930247$020139937$w10I21
=653  \\$aPrintz, J.C.$318, 19$936211$020139937$w10I21
=700  \\$4aut$aKuhnau, Johann$d1660-1722$1http://www.wikidata.org/entity/Q157359$95086
=856  \\$uhttps://imslp.org/wiki/Cribrum_Musicum_(Werckmeister,_Andreas)$3International Music Score Library Project
=942  \\$cBOO
=952  \\$00$10$2ddc$40$6KTS_1_000000000000000_C2_55_10I21$70$8RAR$92984$aORPH$bORPH$cKTS1_C2$d2020-07-08$eKoopman$oKTS1 C2.55 10I21$p20139937$r2021-01-12 00:00:00$w2021-01-12$yBOO
=999  \\$d2984

