=LDR  02061aam a2200289   4500
=001  2988
=008  230124r16811668||||||||\||||\00|\p\-fr\d
=041  \\$afry
=100  \\$aJapiks, Gysbert$4aut$1http://www.wikidata.org/entity/Q562144$97283
=245  \\$aFriesche rymlerye
=260  \\$aLeeuwarden$bTjallings$bHeegslag$c1681
=300  \\$a[xxxix]-234-[5] pages
=500  \\$aGysbert Japicx or Japiks (1603-1666) is the best-known Frisian writer of the seventeenth century, somewhat the Frisian Vondel or Bredero. He is considered the founder of Frisian as a written language, but was long overshadowed by Jan Jansz. Starter. This collection contains 'Fryske Tsjerne' (1639), a wedding poem about a middle-aged peasant who can sing well.
=501  \\$aBound in with 'Het twaede diel fen dy Frische wirkken'
=505  \\$gLeafde en boartlike mingeldeuntsjes ('Love and playful verses') -- Gemiene of hûsmanne petear ('Conversation of the common man or peasant') -- Himelsk harplûd ('Heavenly harp sound', or psalms)
=534  \\$aOriginally published in 1668 (posth.)
=563  \\$abrown leather binding with golden ornamentations
=590  \\$ain trye dielen forschaet: d'eerste binne ljeafd in bortlycke mingel-deuntjes: 't oorde sinte gemiene æf huwzmanne Petear, in ore Katerye: 't efterste iz: hymmelsch harp-luwd. Dat iz to sizzen, ytlijcke fen Davids psalmen
=648  \0$a17th Century (1601-1700)$1http://www.wikidata.org/entity/Q7016$920923
=650  \0$aPoetry$1http://www.wikidata.org/entity/Q482$93026
=650  \0$aLinguistics$1http://www.wikidata.org/entity/Q8162$93902
=651  \0$aFriesland (Netherlands)$1http://www.wikidata.org/entity/Q770$921961
=700  1\$4edt$aGabbema, Simon Abbes$d1628-1688$1http://www.wikidata.org/entity/Q18093471$97284
=856  \\$uhttps://books.google.be/books?id=vja8x9b_gxEC$3Google Books
=942  \\$cBOO
=952  \\$00$10$2ddc$40$6KTS_1_000000000000000_C2_64_10J02A$70$8RAR$92988$aORPH$bORPH$cKTS1_C2$d2020-07-08$eKoopman$l0$oKTS1 C2.64 10J02a$p20140065a$r2021-01-12 00:00:00$w2021-01-12$yBOO
=999  \\$d2988

