=LDR  02132aam a2200277   4500
=001  2990
=008  230124r1665403\||||||||\||||\00|\0\lat\d
=041  \\$alat
=100  1\$aSeverus, Sulpicius$4aut$1http://www.wikidata.org/entity/Q336704$97285
=245  \\$aOpera omnia:$bcum lectissimis commentarijs
=250  \\$a3rd ed.
=260  \\$aAmsterdam$aLeiden$aRotterdam$bElsevier$bHack$c1665
=300  \\$a[xxx]-578-[30] pages$bengraved title page
=500  \\$aSulpicius Severus (c. 363-c. 425) was a Christian writer and native of Aquitania in modern-day France. He is known for his chronicle of sacred history, as well as his biography of Saint Martin of Tours. 
=500  \\$aContains the sacred history of Christianity
=500  \\$aThe chief work of Severus is the Chronicle (Chronica, Chronicorum Libri duo or Historia sacra, c. 403), a summary of sacred history from the beginning of the world to his own times, with the omission of the events recorded in the Gospels and the Acts, "lest the form of his brief work should detract from the honour due to those events". It is a source of primary importance for the history of Priscillianism and contains considerable information respecting the Arian controversy. The book was a textbook, and was used as such in the schools of Europe for about a century and a half after the editio princeps was published by Flacius Illyricus in 1556.
=563  \\$abound in white vellum
=648  \0$aClassical Antiquity (8th Century BC-6th Century AD)$1http://www.wikidata.org/entity/Q486761$921435
=648  \0$a17th Century (1601-1700)$1http://www.wikidata.org/entity/Q7016$920923
=650  \0$aReligion$1http://www.wikidata.org/entity/Q9174$93062
=650  \0$aHistory$1http://www.wikidata.org/entity/Q309$921403
=700  1\$4edt$aHorn, Georg$d1620-1670$1http://www.wikidata.org/entity/Q1509497$97286
=856  \\$uhttps://books.google.be/books?id=5O5jAAAAcAAJ$3Google Books
=942  \\$cBOO
=952  \\$00$10$2ddc$40$6KTS_1_000000000000000_C2_64_10J03$70$8RAR$92990$aORPH$bORPH$cKTS1_C2$d2020-07-08$eKoopman$l0$oKTS1 C2.64 10J03$p20140066$r2021-01-12 00:00:00$w2021-01-12$yBOO
=999  \\$d2990

