=LDR  02395aam a2200421   4500
=001  2991
=003  OI
=005  20250925143255.0
=008  210226s1940\\\\\\\|||||\||||\00|\0ddut\d
=041  \\$adut
=100  \\$aBusken Huet, Conrad$d1826-1886$4aut$1http://www.wikidata.org/entity/Q1126746$95090
=245  \\$aPortretten van Nederlanders
=246  \1$aVijf portretten van Nederlanders
=260  \\$aAmsterdam$bElsevier$c1940
=300  \\$axiv-269 pages$bportrait of the author on frontispiece, with bookmark ribbon.
=490  \\$aBibliotheek der Nederlandse letteren
=500  \\$aLimited edition of 250 numbered copies of which this is nr. 62.
=500  \\$aWith an introduction about the author and his work by editor Staverman.
=500  \\$aDescriptions of the lives and works of five Dutch authors in flowery language, intermingled with Busken Huet's personal views and analyses. 
=505  \\$gContains biographies of 5 Dutch authors: Erasmus, Pieter Cornelis Hooft, Jacob Cats, De Genestet and Potgieter.
=561  \\$aEx libris W. Romijn (bookplate)
=563  \\$aleather binding with gold embossed title vignets
=600  \0$aErasmus, Desiderius$d1466-1536$1http://www.wikidata.org/entity/Q43499$95446
=600  \0$aHooft, P. C.$d1581-1647$1http://www.wikidata.org/entity/Q10914484$95139
=600  \0$aCats, Jacob$d1577-1660$1http://www.wikidata.org/entity/Q46151$95081
=600  \0$aGenestet, Petrus Augustus de$d1829-1861$1http://www.wikidata.org/entity/Q2356743$95966
=600  \0$aPotgieter, E. J.$d1808-1875$1http://www.wikidata.org/entity/Q2718465$913350
=648  \0$a16th Century (1501-1600)$1http://www.wikidata.org/entity/Q7017$920944
=648  \0$a17th Century (1601-1700)$1http://www.wikidata.org/entity/Q7016$920923
=648  \0$a19th Century (1801-1900)$1http://www.wikidata.org/entity/Q6955$920935
=648  \0$a20th Century (1901-2000)$1http://www.wikidata.org/entity/Q6927$920936
=650  \0$aBiography$1http://www.wikidata.org/entity/Q36279$91927
=650  \0$aLiterature$1http://www.wikidata.org/entity/Q8242$94439
=651  \0$aNetherlands$1http://www.wikidata.org/entity/Q55$9173
=700  1\$4edt$925656$aStaverman, W. H.
=942  \\$cBOO
=952  \\$00$10$2ddc$40$6KTS_1_000000000000000_C2_64_10J04$70$8RAR$92991$aORPH$bORPH$cKTS1_C2$d2020-07-08$eKoopman$l0$oKTS1 C2.64 10J04$p20140078$r2021-01-12 00:00:00$w2021-01-12$yBOO
=999  \\$d2991

