=LDR  02688aam a2200397   4500
=001  2996
=005  20251001162233.0
=008  230124s1789\\\\||||||||\||||\00|\0dfre\d
=041  \\$afre
=100  \\$aFriedrich II.$d1712-1786$4aut$1http://www.wikidata.org/entity/Q33550$97289
=245  \\$aOeuvres de Frédéric II, Roi de Prusse
=260  \\$aBerlin$bVoss & Decker$c1789
=300  \\$a4 vols (xxii-[iv]-440+x-[ii]-404+[iv]-524+[iv]-419 pages)$bplates, fold-outs
=500  \\$aVol. 3 contains 7 fold-outs of military plans
=505  \\$gMémoires pour servir à l'histoire de la Maison Brandebourg' (1770) -- Machiavel ou Examen du Prince de Machiavel (1741) -- Mélanges philosophiques et littéraires (2 vols.) --
Poésies -- Épîtres -- Pièces diverses -- L'Art de la Guerre, en six Chants
=590  \\$aPubliés du vivant de l'Auteur
=648  \0$a18th Century (1701-1800)$1http://www.wikidata.org/entity/Q7015$920899
=650  \0$aBiography$1http://www.wikidata.org/entity/Q36279$91927
=650  \0$aLaw$1http://www.wikidata.org/entity/Q7748$93727
=650  \0$aPolitics$1http://www.wikidata.org/entity/Q7163$921826
=650  \0$aPhilosophy$1http://www.wikidata.org/entity/Q5891$92357
=650  \0$aEducation$1http://www.wikidata.org/entity/Q8434$926206
=650  \0$aPhilology$1http://www.wikidata.org/entity/Q40634$925506
=650  \0$aBiography$1http://www.wikidata.org/entity/Q36279$91927
=650  \0$aNobility$1http://www.wikidata.org/entity/Q134737$93602
=650  \0$aMilitary history$1http://www.wikidata.org/entity/Q192781$93874
=650  \0$aHistory$1http://www.wikidata.org/entity/Q309$921403
=650  \0$aAesthetics$1http://www.wikidata.org/entity/Q35986$921494
=650  \0$aEnlightenment$1http://www.wikidata.org/entity/Q12539$94532
=651  \0$1http://www.wikidata.org/entity/Q38872$aPrussia (Germany)$9231
=942  \\$cBOO
=952  \\$00$10$2ddc$3vol. 1$40$6KTS_1_000000000000000_C2_64_10J10_01$70$8RAR$92996$aORPH$bORPH$cKTS1_C2$d2020-07-08$eKoopman$l0$oKTS1 C2.64 10J10_01$p20140080$r2021-01-12 00:00:00$w2021-01-12$yBOO
=952  \\$00$10$2ddc$3vol. 2$40$6KTS_1_000000000000000_C2_64_10J10_02$70$8RAR$922369$aORPH$bORPH$cKTS1_C2$d2020-07-08$eKoopman$l0$oKTS1 C2.64 10J10_02$p20140081$r2023-01-24 00:00:00$w2021-01-12$yBOO
=952  \\$00$10$2ddc$3vol. 3$40$6KTS_1_000000000000000_C2_64_10J10_03$70$8RAR$922370$aORPH$bORPH$cKTS1_C2$d2020-07-08$eKoopman$l0$oKTS1 C2.64 10J10_03$p20140082$r2023-01-24 00:00:00$w2021-01-12$yBOO
=952  \\$00$10$2ddc$3vol. 4$40$6KTS_1_000000000000000_C2_64_10J10_04$70$8RAR$922371$aORPH$bORPH$cKTS1_C2$d2020-07-08$eKoopman$l0$oKTS1 C2.64 10J10_04$p20140083$r2023-01-24 00:00:00$w2021-01-12$yBOO
=999  \\$d2996

