=LDR  01518    a2200313   4500
=001  2997
=008  230124s1741\\\\||||||||\||||\00|\0\lat\d
=041  \\$alat
=100  1\$aBirnbaum, Johann Abraham$d1702-1748$4aut$1http://www.wikidata.org/entity/Q60845257$97291
=245  \\$aDe natura ac usu studii antiquitatum liber singularis
=260  \\$aLeipzig$bLangenhem$c1741
=300  \\$a[xv]-122-[5] pages
=500  \\$aSingular example of antiquarian collectionism, with page-long footnotes
=648  \0$a18th Century (1701-1800)$1http://www.wikidata.org/entity/Q7015$920899
=650  \0$aBibliography$1http://www.wikidata.org/entity/Q134995$93965
=650  \0$aHistory$1http://www.wikidata.org/entity/Q309$921403
=651  \0$aGermany$1http://www.wikidata.org/entity/Q183$9155
=653  \0$aBartholinus, C.$3115$020140067$w10J11$929113
=653  \0$aCalvisius, S.$331$020140067$w10J11$930145
=653  \0$apsalterium$3b3, 65$020140067$w10J11$936252
=653  \0$aVossius, I. $336$020140067$w10J11$937786
=653  \0$aWagenseil$315$020140067$w10J11$937831
=653  \0$aMeibomius$3b4$020140067$w10J11$934613
=653  \\$aCasaubon, I.$345 etc.$930265$020140067$w10J11
=653  \\$aErnesti, H.$3115$931513$020140067$w10J11
=856  \\$uhttps://books.google.be/books?id=1EIVAAAAQAAJ$3Google Books
=942  \\$cBOO
=952  \\$00$10$2ddc$40$6KTS_1_000000000000000_C2_64_10J11$70$8RAR$92997$aORPH$bORPH$cKTS1_C2$d2020-07-08$eKoopman$l0$oKTS1 C2.64 10J11$p20140067$r2021-01-12 00:00:00$w2021-01-12$yBOO
=999  \\$d2997

