=LDR  01415    a2200289   4500
=001  2998
=008  230124s1701\\\\||||||||\||||\00|\0\ger\d
=041  \\$ager
=245  \\$aDer Stadt Leipzig: Ordnungen wie auch Privilegia und Statuta
=260  \\$aLeipzig$bFritsche$c1701
=300  \\$a[vi]-556-[39] pages
=563  \\$arestored by Cor Knops
=648  \0$a18th Century (1701-1800)$1http://www.wikidata.org/entity/Q7015$920899
=650  \0$aHistory$1http://www.wikidata.org/entity/Q309$921403
=650  \0$aPolitics$1http://www.wikidata.org/entity/Q7163$921826
=651  \0$aLeipzig (Germany)$1http://www.wikidata.org/entity/Q2079$945
=653  \0$aboekveiling$3237-241$020140068$w10J12$929702
=653  \0$aprijs van voedsel$3427-430, 451$020140068$w10J12$936200
=653  \0$awijn$3391-400, 458, 476$020140068$w10J12$937961
=653  \0$akoffie$3418$020140068$w10J12$933661
=653  \0$akoor/orkestopstelling$3327$020140068$w10J12$933679
=653  \0$amuziek$3137, 458, 475, 476$020140068$w10J12$934990
=653  \\$abruiloftregels in Leipzig$3456-458, 472-476$929977$020140068$w10J12
=856  \\$uhttps://digi.ub.uni-heidelberg.de/diglit/drwLeipzigStO1701/0001$3University Library Heidelberg
=942  \\$cBOO
=952  \\$00$10$2ddc$40$6KTS_1_000000000000000_C2_64_10J12$70$8RAR$92998$aORPH$bORPH$cKTS1_C2$d2020-07-08$eKoopman$l0$oKTS1 C2.64 10J12$p20140068$r2021-01-12 00:00:00$w2021-01-12$yBOO
=999  \\$d2998

