=LDR  07098aas a2201225   4500
=001  3000
=005  20250923161049.0
=008  230124s1828\\\\|||g||||\||||\00|\0\ger\d
=041  \\$ager
=100  \\$aHientzsch, Johann Gottfried$d1787-1856$4aut$1http://www.wikidata.org/entity/Q29790849$97297
=245  \\$aEutonia.$bEine hauptsächlich pädagogische Musik-Zeitschrift 
=260  \\$aWrocław$bGrüson$c1828
=300  \\$a104 pages$bmusic examples
=500  \\$aHientzsch was a German music teacher. From 1828 to 1837 he worked as a part-time editor of the music educational journal "Eutonia", he was editor of the music journal "Das musikalische Deutschland" and of collections of church hymns for school use.
=500  \\$aEutonia was founded in 1828. The main subjects of the journal were: 1. history of music. 2. theory of music, especially harmony and counterpoint. 3. chant. 4. Choral along with the musical liturgy or agendas. 5. organ and organ playing. 6. on the learning of some other instruments. 7. on examinations in music. 8. biographies. 9. news and reports. 10. reading fruits and miscellanies.
=500  \\$ahttps://ripm.org/index.php?page=JournalInfo&ABB=EUT
=500  \\$aA total of ten volumes were published by 1837. 
=563  \\$aPaper binding with text printed on front and back papers
=590  \\$afür Alle, welche lehrend oder leitend die Musik in Schulen und Kirchen zu fördern haben, oder sich auf ein solches Amt vorbereiten, herausgegeben in Verbindung mit mehreren Musikdirektoren, Cantoren, Organisten und Musiklehrern an Universitäten, Gymnasien und Schullehrerseminarien Deutschlands von Johann Gottfried Hientzsch Oberlehrer am kgl. evangelischen Schullehrerseminar in Breslau.
=648  \0$a19th Century (1801-1900)$1http://www.wikidata.org/entity/Q6955$920935
=650  \0$aMusic criticism$1http://www.wikidata.org/entity/Q11748889$921598
=650  \0$aMusic history$1http://www.wikidata.org/entity/Q846047$921373
=650  \0$aMusic education$1http://www.wikidata.org/entity/Q27908$921766
=650  \0$aMusic theory$1http://www.wikidata.org/entity/Q193544$92662
=653  \0$aAaron, P.$327, 28$020140085$w10J14$928410
=653  \0$aAlbrechtsberger$397$020140085$w10J14$928569
=653  \0$aBach, C.P.E._na dood$38, 60, 61, 92$020140085$w10J14$928905
=653  \0$aBach, J.S._na dood$38, 56, 60-62, 92$020140085$w10J14$928973
=653  \0$aBach, W.Fr._na dood$38, 60$020140085$w10J14$928999
=653  \0$aboekprijs$3omslag, 12, 13, 29, 49-51, 57, 64-66$020140085$w10J14$929701
=653  \0$abci n 19e eeuw$368, 69, 97$020140085$w10J14$929297
=653  \0$aBenda$396$020140085$w10J14$929408
=653  \0$aBurney, C.$341, 49, 60$020140085$w10J14$930058
=653  \0$aCaldara$359$020140085$w10J14$930129
=653  \0$amuziekgeschiedenis$316-31, 49-57, 61$020140085$w10J14$935073
=653  \0$amuziekles$342-49, 93, 102$020140085$w10J14$935084
=653  \0$amuziekpedagogie$3wb, 2-5, 31-37, 69-78$020140085$w10J14$935095
=653  \0$aNägeli$346, 102, 103$020140085$w10J14$935135
=653  \0$acomponeren$399$020140085$w10J14$930621
=653  \0$aorgel in eredienst$338$020140085$w10J14$935479
=653  \0$aorgel in middeleeuwen$323$020140085$w10J14$935482
=653  \0$aoud-nieuw$366-69$020140085$w10J14$935651
=653  \0$aoude muziek vroeger$37, 8, 16-31, 56, 61, 88, 92, 93, 99$020140085$w10J14$935658
=653  \0$aouverture$383$020140085$w10J14$935669
=653  \0$aPalestrina$328, 29$020140085$w10J14$935723
=653  \0$adirigent$393, 94, 101$020140085$w10J14$931092
=653  \0$aDoles$38, 59$020140085$w10J14$931134
=653  \0$apedaalspel$39$020140085$w10J14$935827
=653  \0$aFasch$397$020140085$w10J14$931619
=653  \0$aSpieß, M.$361$020140085$w10J14$936426
=653  \0$aForkel$341, 49, 60$020140085$w10J14$931820
=653  \0$afortepiano$399$020140085$w10J14$931832
=653  \0$aStölzel$37$020140085$w10J14$936601
=653  \0$aFux$361, 62$020140085$w10J14$931954
=653  \0$agemeentezang$337-42, 90, 91, 103$020140085$w10J14$932102
=653  \0$aTelemann$37$020140085$w10J14$936789
=653  \0$aGerbert$349$020140085$w10J14$932131
=653  \0$atempo $393$020140085$w10J14$936815
=653  \0$aGlück$356, 60$020140085$w10J14$932236
=653  \0$aGraun$37, 60, 93$020140085$w10J14$932339
=653  \0$aHändel, G.F._na dood$356, 60, 93, 96$020140085$w10J14$932543
=653  \0$aTürk$38, 41, 63, 88, 93$020140085$w10J14$937226
=653  \0$atussenspelen en gemeentezangbegeleiding$390, 91, 96$020140085$w10J14$937251
=653  \0$aHasse$37, 56, 60, 96$020140085$w10J14$932603
=653  \0$aHaydn, J. $399$020140085$w10J14$932640
=653  \0$aHaydn, M.$399$020140085$w10J14$932645
=653  \0$aHeinichen, J.D.$361$020140085$w10J14$932676
=653  \0$aHomilius$38, 93$020140085$w10J14$932877
=653  \0$aimprovisatie$390, 91, 100$020140085$w10J14$933059
=653  \0$aVogler, Abbé$363$020140085$w10J14$937702
=653  \0$ainterpretatie vroeger/nu$393, 94, 98$020140085$w10J14$933104
=653  \0$ajongenssopraan$344-49, 93$020140085$w10J14$933241
=653  \0$aKirnberger$37, 41, 60, 62, 97$020140085$w10J14$933423
=653  \0$aKittel$359$020140085$w10J14$933431
=653  \0$aZelter$394, 97$020140085$w10J14$938126
=653  \0$aklavecimbel_19e eeuw$394$020140085$w10J14$933473
=653  \0$aRameau$361$020140085$w10J14$938219
=653  \0$aKnecht$38, 41, 60, 63$020140085$w10J14$933639
=653  \0$arepeteren$393$020140085$w10J14$938377
=653  \0$akoor/orkestbezetting$393, 98-100$020140085$w10J14$933678
=653  \0$aKozeluch$397$020140085$w10J14$933735
=653  \0$aKrebs$359$020140085$w10J14$933751
=653  \0$akwaliteit van uitvoering$393, 99$020140085$w10J14$933816
=653  \0$aLasso, O. di $326, 27$020140085$w10J14$933916
=653  \0$alesgeld$395$020140085$w10J14$934067
=653  \0$alestijden$396$020140085$w10J14$934074
=653  \0$aSchicht, J.$361, 63, 64, 97$020140085$w10J14$938847
=653  \0$aMarpurg$341, 60-62, 88, 96, 97$020140085$w10J14$934481
=653  \0$aMattheson$361$020140085$w10J14$934534
=653  \0$aMonteverdi, C.$329$020140085$w10J14$934854
=653  \0$aMozart, W.A.$396, 97, 99$020140085$w10J14$934927
=653  \0$aMurschhauser$361$020140085$w10J14$934959
=653  \\$aBerner, F.W.$3100-102$929458$020140085$w10J14
=653  \\$aBusby$341, 49$930065$020140085$w10J14
=653  \\$aChladni, E.F.F.$3100-102$930444$020140085$w10J14
=653  \\$aEgedacher$399$931397$020140085$w10J14
=653  \\$aEybler$399$931568$020140085$w10J14
=653  \\$aHawkins$341, 49$932635$020140085$w10J14
=653  \\$aKlein, C.B.$387-98$933610$020140085$w10J14
=653  \\$aKoch, H.C.$362$933655$020140085$w10J14
=653  \\$aproefspel$310, 11$936218$020140085$w10J14
=942  \\$cPER
=952  \\$00$10$2ddc$40$6KTS_1_000000000000000_C2_64_10J14$70$8RAR$93000$aORPH$bORPH$cKTS1_C2$d2020-07-08$eKoopman$l0$oKTS1 C2.64 10J14$p20140085$r2021-01-12 00:00:00$w2021-01-12$yPER
=999  \\$d3000
=533  \\$aDigitized by iGuana, Spring 2025.

