=LDR  05410    a2200757   4500
=001  3002
=008  210831s1733\\\\|||fa|||\||||\00|\p\ger\d
=041  \\$ager
=100  \\$aUffenbach, Johann Friedrich Armand von$d1687-1769$4aut$4edt$1http://www.wikidata.org/entity/Q3180542$97298
=245  \\$aGesammelte Neben-Arbeit in gebundenen Reden
=260  \\$aHamburg$bKönig und Richter$c1733
=300  \\$a[xlviii]-460-[5] pages$btitle page in red & black ink, folded pages, illustrations
=500  \\$aThe last section, entitled 'Sing-Gedichte' is dedicated to the “edle Musik” and contains cantata texts based on existing melodies from opera arias by Handel, Telemann, Graun, Graupner, and Hasse, on sonata movements by Johann Christoph Pepusch, and tle libretti by Uffenbach for 2 Sinspiele ('Pisitatratus' and 'Hass und Neid')
=500  \\$avon Uffenbach was a German architect, lawyer and scholar, as well as collector and patron of the arts, a librettist and music lover (he played the lute as well). Born into a wealthy bourgeois family in Frankfurt, he held high office in the city administration, was a member of the city council and in 1762 became mayor of Frankfurt.
=500  \\$aCebes of Thebes (ca. 430-350 B.C.E.) was a member of Socrates’ inner circle. One of the dialogs that has been attributed to him is the Pinax or Tabula, also known as the Tablet of Cebes. Uffenbach's book contains a magnificent folded engraving of the tablet by Matthaeus Merian: "Tabvla Cebetis Continens Totius Hvmanæ Descriptionem", an allegorical picture on which the whole of human life with its dangers and temptations was symbolically represented.
=504  \\$aContains index
=561  \\$aEx libris Bibliotheca Acad. Georgiae Augustae (Stamp)
=590  \\$aWorinnen, nebst einer poetischen Auslegung des Sinnebildes Cebetis des Thebaners, verschiedene moralische Schrifften zu Ausbesserung menschlicher Sitten enthalten, und nebst einer Vorrede von der Würde derer Singe-Gedichte, Mit dessen Genehmhaltung an das Licht gestellet.
=648  \0$a18th Century (1701-1800)$1http://www.wikidata.org/entity/Q7015$920899
=650  \0$aMoral education$1http://www.wikidata.org/entity/Q25457248$93171
=650  \0$aLibretto$1http://www.wikidata.org/entity/Q131084$94031
=650  \0$aCantata$1http://www.wikidata.org/entity/Q174873$921603
=650  \0$aPoetry$1http://www.wikidata.org/entity/Q482$93026
=650  \0$aLiterature$1http://www.wikidata.org/entity/Q8242$94439
=651  \0$aGermany$1http://www.wikidata.org/entity/Q183$9155
=653  \0$a??$38 (uitsl. prent)$020140100$w10J16$928331
=653  \0$aAmsterdam$3a6$020140100$w10J16$928668
=653  \0$aBrockes$3205$020140100$w10J16$929949
=653  \0$aCesti$3b6 (l)$020140100$w10J16$930377
=653  \0$acomponeren$3a9 (l), b2 (l)$020140100$w10J16$930621
=653  \0$acomponist$3a9 (l)$020140100$w10J16$930630
=653  \0$aop de wijze van $3a8 (l), 326, 341, 342, 346, 348, 355, 356, 362, 363, 366, 368, 369, 378$020140100$w10J16$935398
=653  \0$aopera$3a10 (l), b2, b4, b5, b6 (l)-c6 (l)$020140100$w10J16$935411
=653  \0$aorgel in eredienst$3b7 (l)$020140100$w10J16$935479
=653  \0$aparodie$3a7 (l), a8 (l+r), a9, (l+r), a10 (=b2), 326, 341, 342, 346, 348, 355, 356, 362-366, 368, 369, 378$020140100$w10J16$935769
=653  \0$aPepusch$3326$020140100$w10J16$935846
=653  \0$aemoties$3b7 (r), 55$020140100$w10J16$931445
=653  \0$aQuinault$3c5 (r)$020140100$w10J16$936302
=653  \0$aSt. Evremond$3c4 (r)$020140100$w10J16$936460
=653  \0$aTelemann$3181?, 205-208, 348, 356, 362, 378$020140100$w10J16$936789
=653  \0$aGottsched$3a4 (linkerzijde), 9a (r), c6 (r), a5 (l)$020140100$w10J16$932285
=653  \0$agoût$3b3 (l+r)$020140100$w10J16$932303
=653  \0$aGraupner$3355, 374$020140100$w10J16$932347
=653  \0$aHändel, G.F.$3a8 (l), 341, 342, 346, 364, 365, 368, 369$020140100$w10J16$932536
=653  \0$aHasse$3363$020140100$w10J16$932603
=653  \0$aHunold (=Menantes)$378$020140100$w10J16$933012
=653  \0$aitaliaanse cantatetekst$3331-341$020140100$w10J16$933135
=653  \0$azangers$3b8 (r), b9 (l)$020140100$w10J16$938095
=653  \0$aSarti$3366$020140100$w10J16$938760
=653  \0$aLully$3b6 (l)$020140100$w10J16$934271
=653  \0$aMaffei$3b2$020140100$w10J16$934357
=653  \0$amise-en-scène$3b9 (r), c3 (l+r)$020140100$w10J16$939272
=653  \0$aMattheson$3b7 (l)$020140100$w10J16$934534
=653  \0$aMetastasio$3b2$020140100$w10J16$934709
=653  \0$amuziek$3a7, a8, 9a, b2-einde vw$020140100$w10J16$934990
=653  \\$acantatejaargang$3a8 (l), 284$930191$020140100$w10J16
=653  \\$aFriedrich August von Sachsen$3x1 (=1)-16$931918$020140100$w10J16
=653  \\$aoperatekst_Pisistratus$3393-460$935437$020140100$w10J16
=653  \\$aPicander$3107, 108$97355$020140100$w10J16
=653  \\$aSinggedichten$3323-392$939137$020140100$w10J16
=700  \\$4egr$aMerian, Matthaeus$d1621-1681$1http://www.wikidata.org/entity/Q324410$925671
=856  \\$uhttps://books.google.be/books?id=qideAAAAcAAJ$3Google Books
=856  \\$uhttps://digitale.bibliothek.uni-halle.de/vd18/content/pageview/14752407$3
=942  \\$cBOO
=952  \\$00$10$2ddc$40$6KTS_1_000000000000000_C2_64_10J16$70$8RAR$93002$aORPH$bORPH$cKTS1_C2$d2020-07-08$eKoopman$oKTS1 C2.64 10J16$p20140100$r2021-01-12 00:00:00$w2021-01-12$yBOO
=999  \\$d3002

