=LDR  14126aam a2202653   4500
=001  3006
=005  20250919102351.0
=008  230125s1781\\\\||||||||\||||\00|\0dita\d
=041  \\$aita$hfre
=100  \\$aLacombe, Jacques$d1724-1811$4edt$1http://www.wikidata.org/entity/Q3159232$97302
=245  \\$aDizionario portatile delle belle arti$bovvero ristretto di ciò, che spetta all'architettura, alla scultura, alla pittura, all'intaglio, alla poesia, ed alla musica 
=260  \\$aBassano$bRemondini$c1781
=300  \\$a390 pages
=500  \\$aLacombe was a French bookseller, editor and lawyer. His 'Dictionnaire portatif des Beaux-Arts' was first published in French in 1752. An enlarged edition appeared in 1759 and an Italian translation, this volume, in 1781.
=500  \\$aManuscript notes (calculations) on endpapers
=534  \\$aDictionnaire portatif des Beaux-Arts$cParis, Estienne & Herissant, 1752$ohttps://gallica.bnf.fr/ark:/12148/bpt6k5400956f
=561  \\$aEx libris Raph(aele) Capelli (manuscript)
=563  \\$aBound in white vellum
=590  \\$acon la definizione di queste arti, la spiegazione delle voci, e delle cose, che ad esse appartengono: ... Trasportato dalla Francese nella Lingua Toscana.
=648  \0$a18th Century (1701-1800)$1http://www.wikidata.org/entity/Q7015$920899
=650  \0$aFine art$1http://www.wikidata.org/entity/Q219625$921579
=650  \0$aDictionary$1http://www.wikidata.org/entity/Q23622$921580
=653  \0$aadagio$316$020140087$w10J20$928477
=653  \0$aAddison, G.$316$020140087$w10J20$928485
=653  \0$aafwisseling$3103, 118, 127$020140087$w10J20$928514
=653  \0$aallemande $316$020140087$w10J20$928609
=653  \0$aandante$321$020140087$w10J20$928683
=653  \0$aartikulatie$3335$020140087$w10J20$928817
=653  \0$abibliotheek$352$020140087$w10J20$929548
=653  \0$aBlamont, C. de$3153$020140087$w10J20$929604
=653  \0$aBarlaeus, C.$339$020140087$w10J20$929087
=653  \0$aBarre, M. de la$340$020140087$w10J20$929104
=653  \0$ablokfluit$3144, 243$020140087$w10J20$929645
=653  \0$aBoësset$360$020140087$w10J20$929712
=653  \0$abc en volume$314$020140087$w10J20$929264
=653  \0$aBononcini$3375$020140087$w10J20$929756
=653  \0$aBernier, N.$349, 50$020140087$w10J20$929463
=653  \0$abespelen van meer instrumenten$389, 190$020140087$w10J20$929496
=653  \0$aBrossard, S. de$366$020140087$w10J20$929962
=653  \0$aCambert$314, 74, 159$020140087$w10J20$930147
=653  \0$aCampra, A.$376, 235, 293$020140087$w10J20$930173
=653  \0$acantate$377$020140087$w10J20$930188
=653  \0$acapriccio$379$020140087$w10J20$930224
=653  \0$acello $343, 209, 315, 352, 374, 375$020140087$w10J20$930345
=653  \0$achaconne$392, 257$020140087$w10J20$930385
=653  \0$aChambonnières$386, 87$020140087$w10J20$930390
=653  \0$aCharpentier, M.A.$388$020140087$w10J20$930409
=653  \0$aClerambault, L.N.$394, 95, 200$020140087$w10J20$930546
=653  \0$acolascione$396$020140087$w10J20$930576
=653  \0$aColasse, P.$396, 308$020140087$w10J20$930578
=653  \0$aconcerten $3100$020140087$w10J20$930656
=653  \0$acontrabas$343, 102, 209, 232$020140087$w10J20$930692
=653  \0$aCorelli, A.$3104, 111$020140087$w10J20$930736
=653  \0$aOpitz$3247$020140087$w10J20$935440
=653  \0$aoratorium$3248$020140087$w10J20$935450
=653  \0$aCouperin, F.$3110, 111, 118, 149$020140087$w10J20$930793
=653  \0$aCouperin, fam$3110, 111, 118, 149$020140087$w10J20$930795
=653  \0$acourante$3108$020140087$w10J20$930805
=653  \0$aorgel_Frankrijk, 18e eeuw$3249, 250, 260$020140087$w10J20$935504
=653  \0$aorgel_in middeleeuwen$3249$020140087$w10J20$935509
=653  \0$aDandrieu, J.F.$3118$020140087$w10J20$930921
=653  \0$adansen $336, 37, 99$020140087$w10J20$930929
=653  \0$aoud-nieuw$3237$020140087$w10J20$935651
=653  \0$aDesmarets, H.$3121, 122, 160$020140087$w10J20$931030
=653  \0$aDestouches, A.$3123, 124, 235$020140087$w10J20$931037
=653  \0$aDijck, A. v.$3362, 363$020140087$w10J20$931077
=653  \0$adiminuties$3167$020140087$w10J20$931087
=653  \0$adirigent$344$020140087$w10J20$931092
=653  \0$adoedelzak$3104, 105, 273, 383 (sic)$020140087$w10J20$931125
=653  \0$apassacaglia$3257$020140087$w10J20$935786
=653  \0$apassepied$3257$020140087$w10J20$935789
=653  \0$apastorale$3258$020140087$w10J20$935799
=653  \0$apavane$3259$020140087$w10J20$935811
=653  \0$adraailier$3374$020140087$w10J20$931190
=653  \0$aPergolesi$3183, 262$020140087$w10J20$935854
=653  \0$adulciaan$355, 132$020140087$w10J20$931287
=653  \0$aDumont, H.$3132$020140087$w10J20$931298
=653  \0$adwarsfluit$3144, 269$020140087$w10J20$931340
=653  \0$apiva/piffa$3273$020140087$w10J20$936006
=653  \0$adynamiek $3127, 140, 267$020140087$w10J20$931347
=653  \0$aechoeffekt$3133, 301$020140087$w10J20$931377
=653  \0$aemoties$3237, 258, 337$020140087$w10J20$931445
=653  \0$aenharmonisch$3179$020140087$w10J20$931478
=653  \0$aEyck, J. van $324, 244, 363$020140087$w10J20$931574
=653  \0$afagot$343, 44, 55, 132, 140, 260$020140087$w10J20$931585
=653  \0$afalso bordone$3140$020140087$w10J20$931599
=653  \0$apsalterium$386, 315$020140087$w10J20$936252
=653  \0$apubliek$3187$020140087$w10J20$936257
=653  \0$apunkteren$3287$020140087$w10J20$936265
=653  \0$afermate$3287$020140087$w10J20$931664
=653  \0$aRacine$3290, 291, 355$020140087$w10J20$936325
=653  \0$asonate$3332$020140087$w10J20$936358
=653  \0$asordine$3333$020140087$w10J20$936367
=653  \0$aspinet$3334, 335$020140087$w10J20$936428
=653  \0$afraseren$386$020140087$w10J20$931895
=653  \0$asub/semitoetsen$3144$020140087$w10J20$936666
=653  \0$asyncope$3329, 330$020140087$w10J20$936708
=653  \0$agamba$3374$020140087$w10J20$931995
=653  \0$atasto solo$3344$020140087$w10J20$936760
=653  \0$agavotte$3156, 300, 345$020140087$w10J20$932051
=653  \0$atekstuitspraak$330$020140087$w10J20$936786
=653  \0$atemperatuur$399, 334, 344, 374$020140087$w10J20$936807
=653  \0$atempo $316, 17, 19, 21, 70, 92, 108, 154, 156, 159, 166, 192, 204, 226, 235, 257, 259, 273, 296, 315, 318, 345, 376$020140087$w10J20$936815
=653  \0$agigue$3159$020140087$w10J20$932187
=653  \0$aGilles, J.$3159$020140087$w10J20$932194
=653  \0$agitaar$392$020140087$w10J20$932207
=653  \0$aGottsched$3165$020140087$w10J20$932285
=653  \0$agoût$3171, 172$020140087$w10J20$932303
=653  \0$atremulant$3250$020140087$w10J20$937097
=653  \0$agroppo$3167$020140087$w10J20$932429
=653  \0$atromba marina$3357$020140087$w10J20$937183
=653  \0$atrombone$3357$020140087$w10J20$937186
=653  \0$atrompet$394, 357$020140087$w10J20$937194
=653  \0$aharp$330$020140087$w10J20$932582
=653  \0$avaudeville$3367$020140087$w10J20$937360
=653  \0$aViadana, L.$343$020140087$w10J20$937529
=653  \0$avillanella$3373$020140087$w10J20$937549
=653  \0$avingerzetting$316$020140087$w10J20$937568
=653  \0$aviola d'amore$3374$020140087$w10J20$937580
=653  \0$aHonthorst, G.$3177$020140087$w10J20$932886
=653  \0$aviolone$343$020140087$w10J20$937600
=653  \0$aviool$386, 374, 375$020140087$w10J20$937605
=653  \0$aVivaldi, A.$3376$020140087$w10J20$937660
=653  \0$avolume$314$020140087$w10J20$937724
=653  \0$aJacquet de la Guerre, E.$3178$020140087$w10J20$933173
=653  \0$akerktoonsoorten$3227, 228$020140087$w10J20$933376
=653  \0$axylofoon$344?$020140087$w10J20$938061
=653  \0$azink$3106$020140087$w10J20$938157
=653  \0$aklavecimbel_Frankrijk 18e eeuw$394, 251, 334, 335$020140087$w10J20$933487
=653  \0$aRameau, J.Ph.$3153$020140087$w10J20$938230
=653  \0$arebec$3295, 374$020140087$w10J20$938270
=653  \0$aklavichord_Frankrijk 18e eeuw$3206$020140087$w10J20$933576
=653  \0$arecitatief_vrijheid in $344$020140087$w10J20$938296
=653  \0$arederijkers$3244$020140087$w10J20$938298
=653  \0$akoor$3107$020140087$w10J20$933676
=653  \0$akoor/orkestbezetting$3300, 358$020140087$w10J20$933678
=653  \0$akoor/orkestopstelling$3187$020140087$w10J20$933679
=653  \0$arigaudon$3296$020140087$w10J20$938449
=653  \0$aRinuccini, O.$3300$020140087$w10J20$938462
=653  \0$arondeau$3300, 304$020140087$w10J20$938539
=653  \0$aLalande, M.R. de$3189, 190$020140087$w10J20$933861
=653  \0$aRousseau, J.J.$3183, 256, 307, 308$020140087$w10J20$938595
=653  \0$aLasso, O. di $3193, 250$020140087$w10J20$933916
=653  \0$aSalmon$3315$020140087$w10J20$938715
=653  \0$asaltarello$3315$020140087$w10J20$938720
=653  \0$asarabande$3318$020140087$w10J20$938753
=653  \0$aluit$396, 156, 157, 197, 200, 206, 254, 352$020140087$w10J20$934262
=653  \0$aLully$314, 20, 74, 76, 96, 111, 190, 201, 202, 209, 37, 246, 289, 308, 346$020140087$w10J20$934271
=653  \0$aserpent$3140$020140087$w10J20$939067
=653  \0$amadrigaal$3204$020140087$w10J20$934349
=653  \0$asinfonia$3330$020140087$w10J20$939135
=653  \0$aslagwerk$3238, 269, 342, 351$020140087$w10J20$939152
=653  \0$aMarais, M.$3209, 235$020140087$w10J20$934441
=653  \0$asnaren$3209$020140087$w10J20$939189
=653  \0$aMarchand, L.$3210, 211$020140087$w10J20$934455
=653  \0$amise-en-scène$3118, 119, 150, 320, 321, 344$020140087$w10J20$939272
=653  \0$amenuet$3226, 257, 300$020140087$w10J20$934673
=653  \0$aMondonville$3153$020140087$w10J20$934813
=653  \0$amonochord$3231$020140087$w10J20$934823
=653  \0$aMontéclair, M.$3102, 232$020140087$w10J20$934848
=653  \0$amotet$3235$020140087$w10J20$934907
=653  \0$aMouret, J.J.$3153, 235, 236$020140087$w10J20$934918
=653  \0$amuziek$357, 78, 79, 86, 89-92, 100, 102-104, 115, 117, 119, 124-127, 131, 132, 135, 143, 144, 152, 153, 155, 157, 171, 179, 183, 187, 196, 202, 208, 212, 15, 216, 226-229, 237, 239, 241, 242, 249-251, 256, 258, 259, 262, 273, 282, 284, 285, 287-289, 293, 294, 300-302, 315, 316, 319, 325-327, 329-333, 337, 338, 340, 341, 344, 347-351, 353-357, 366, 377, 389$020140087$w10J20$934990
=653  \\$aaccademia$310-14$020140087$w10J20$928436
=653  \\$aAsselijn, J.$331$928841$020140087$w10J20
=653  \\$aBalthazar$337$929053$020140087$w10J20
=653  \\$abasse fondamental$343$929155$020140087$w10J20
=653  \\$abc$314, 43, 146, 249, 344$929236$020140087$w10J20
=653  \\$aCaurroy, E.$385$930318$020140087$w10J20
=653  \\$386$930381$020140087$w10J20
=653  \\$acetra$386$930382$020140087$w10J20
=653  \\$aclaviorganum$394$930538$020140087$w10J20
=653  \\$aCorneille$3106, 355$930742$020140087$w10J20
=653  \\$acromorne = hobo$3115$930859$020140087$w10J20
=653  \\$aDou, G.$3129, 130$931168$020140087$w10J20
=653  \\$aFuretière, A.$3153$931950$020140087$w10J20
=653  \\$agagliarde$3154$931974$020140087$w10J20
=653  \\$aGatti, Th. di$3346$932034$020140087$w10J20
=653  \\$aGaultier, fam.$3156, 157, 197$932040$020140087$w10J20
=653  \\$ageigenwerk$327$932084$020140087$w10J20
=653  \\$aGillier, J.C.$3159$932196$020140087$w10J20
=653  \\$aGoes, A. van der$323$932259$020140087$w10J20
=653  \\$aHändel, G.F.$3173$932536$020140087$w10J20
=653  \\$aharmonie$315$932574$020140087$w10J20
=653  \\$aHelmbreeker$3174$932695$020140087$w10J20
=653  \\$ahobo$3115, 243$932805$020140087$w10J20
=653  \\$aHooft, P.C.$3244$932893$020140087$w10J20
=653  \\$ahoorn$3106, 107$932928$020140087$w10J20
=653  \\$al'Allouette$320, 190$933828$020140087$w10J20
=653  \\$aLambert, M.$3190, 191, 202$933865$020140087$w10J20
=653  \\$aLeyden, L. van$3200$934079$020140087$w10J20
=653  \\$aMander, K. v.$3369$934417$020140087$w10J20
=653  \\$amandora$3206$934420$020140087$w10J20
=653  \\$aMatsijs, Q.$3289, 290$934531$020140087$w10J20
=653  \\$aMolière$399, 230, 231$95673$020140087$w10J20
=653  \\$aMoreau, G.B.$3234$934879$020140087$w10J20
=653  \\$aopera$313, 14, 16, 187, 246, 247$935411$020140087$w10J20
=653  \\$aOttavino$3251$935645$020140087$w10J20
=653  \\$apandora$3254$935734$020140087$w10J20
=653  \\$apansfluit$3144, 383?, 385$935742$020140087$w10J20
=653  \\$apassamezzo$3257$935787$020140087$w10J20
=653  \\$apiffero$3269$935977$020140087$w10J20
=653  \\$apommer$355$936064$020140087$w10J20
=653  \\$arecitatief$344, 293$938285$020140087$w10J20
=653  \\$aRembrandt$3294$914481$020140087$w10J20
=653  \\$aribattuta di gola$3295$938408$020140087$w10J20
=653  \\$aRobert$3302$938487$020140087$w10J20
=653  \\$aRollenhagen$3303$938516$020140087$w10J20
=653  \\$aSachtleven, E.$3383$938673$020140087$w10J20
=653  \\$aSénaillié, J.B.$3326$939052$020140087$w10J20
=653  \\$aSt. Colombe$3209$936458$020140087$w10J20
=653  \\$atambourin$3342$936733$020140087$w10J20
=653  \\$aTerborch, G.$3346, 347$936852$020140087$w10J20
=653  \\$aThomelin$3110$936918$020140087$w10J20
=653  \\$aToccata$3343, 344, 353$923527$020140087$w10J20
=653  \\$atoccata alla levatione$3134$936963$020140087$w10J20
=653  \\$atremolo_Bebung$3355$937096$020140087$w10J20
=653  \\$avan Ostade, A.$3365$937341$020140087$w10J20
=653  \\$aviola$3374$937578$020140087$w10J20
=765  \\$aDictionnaire portatif des Beaux-Arts, ou Abrégé de ce qui concerne l'architecture, la sculpture, la peinture, la gravure, la poésie et la musique
=856  \\$uhttps://archive.org/details/dizionarioportat00laco/page/n4$3Internet Archive
=942  \\$cBOO
=952  \\$00$10$2ddc$40$6KTS_1_000000000000000_C2_64_10J20$70$8RAR$93006$aORPH$bORPH$cKTS1_C2$d2020-07-08$eKoopman$l0$oKTS1 C2.64 10J20$p20140087$r2021-01-12 00:00:00$w2021-01-12$yBOO
=999  \\$d3006

