=LDR  01761    a2200325   4500
=001  3007
=008  230125r1851\\\\|||gf|||\||||\00|\0\ger\d
=041  \\$ager
=100  \\$aThurn, Carl$4aut$97303$d1808-1891
=245  \\$aLeitfaden beim Unterricht in der Theorie der Musik für seine Schüler bearbeitet.$bErstes Heft. Allgemeine Musiklehre und Harmonielehre.
=260  \\$aFriedberg in der Wetterau$bBindernagel$c1851
=300  \\$a[ii]-64-10 pages$bpaper binding, 10 folded pages music examples
=500  \\$aCarl Thurn was a German seminary music teacher and composer 
=500  \\$aFrontcover contains manuscript dedication, autograph of the author: "Herrn Schmijder von Wertensee mit freundlichem Grüsse vom Verfasser"
=561  \\$aEx libris Schmijder von Wertense (manuscript)
=648  \0$a19th Century (1801-1900)$1http://www.wikidata.org/entity/Q6955$920935
=650  \0$aMethod$1http://www.wikidata.org/entity/Q2250960$921402
=650  \0$aMusic theory$1http://www.wikidata.org/entity/Q193544$92662
=650  \0$aHarmony$1http://www.wikidata.org/entity/Q184421$92358
=651  \0$aGermany$1http://www.wikidata.org/entity/Q183$9155
=653  \0$aassai$321, 22$020140101$w10J21$928838
=653  \0$atempo $321-25$020140101$w10J21$936815
=653  \0$ametronoom$323-25$020140101$w10J21$934713
=653  \\$aaccenten in maat$318, 19, tab ii + iii$928441$020140101$w10J21
=653  \\$apiu moto$322$936003$020140101$w10J21
=653  \\$apiu stretto$323$936004$020140101$w10J21
=653  \\$astringendo$322$936640$020140101$w10J21
=942  \\$cBOO
=952  \\$00$10$2ddc$40$6KTS_1_000000000000000_C2_64_10J21$70$8RAR$93007$aORPH$bORPH$cKTS1_C2$d2020-07-08$eKoopman$l0$oKTS1 C2.64 10J21$p20140101$r2021-01-12 00:00:00$w2021-01-12$yBOO
=999  \\$d3007

