=LDR  02832aam a2200541   4500
=001  3008
=008  211212s1882\\\\\\\|||||\||||\00|\0bdut\d
=041  \\$adut
=100  \\$aProost, P. Jzn.$4aut$97304
=245  \\$aJodocus van Lodenstein:$bzijn leven, denken en werken
=250  \\$a2nd ed.
=260  \\$aAmsterdam$bCenten$c1882
=300  \\$aviii-184 pages
=500  \\$aDissertation on the Dutch Piëtist preacher Lodenstein (1620-1677)
=534  \\$aOriginally published in 1880
=561  \\$aEx libris (illegible) 2-3-'08 (manuscript)
=600  \0$aLodensteyn, Jodocus van$d1620-1677$1http://www.wikidata.org/entity/Q2487552$95497
=648  \0$a17th Century (1601-1700)$1http://www.wikidata.org/entity/Q7016$920923
=648  \0$a19th Century (1801-1900)$1http://www.wikidata.org/entity/Q6955$920935
=650  \0$aWriter$1http://www.wikidata.org/entity/Q36180$93885
=650  \0$aPietism$1http://www.wikidata.org/entity/Q193664$923132
=650  \0$aHistory$1http://www.wikidata.org/entity/Q309$921403
=650  \0$aBiography$1http://www.wikidata.org/entity/Q36279$91927
=651  \0$aNetherlands$1http://www.wikidata.org/entity/Q55$9173
=653  \0$aBurman, F.$3127, 131, 133, 149, 150, 151$020140097$w10J22$930045
=653  \0$aCamphuysen$377$020140097$w10J22$930164
=653  \0$aop de wijze van $376, 77$020140097$w10J22$935398
=653  \0$adansen $399$020140097$w10J22$930929
=653  \0$aoude muziek vroeger$378, 79$020140097$w10J22$935658
=653  \0$apiëtisme$37, 45, 181-183$020140097$w10J22$935972
=653  \0$aechoeffekt$374, 75, 102$020140097$w10J22$931377
=653  \0$aTesselschade$370$020140097$w10J22$936873
=653  \0$atheaterbezoek$399, 100$020140097$w10J22$936888
=653  \0$aHooft, P.C.$374, 75, 102$020140097$w10J22$932893
=653  \0$aHuygens, C.$372$020140097$w10J22$933032
=653  \0$aVondel, J. van den $372, 73$020140097$w10J22$937735
=653  \0$arederijkers$3100$020140097$w10J22$938298
=653  \0$aLodestein, J. v.$3wb, 139, 143, 145, 146, 150-einde$020140097$w10J22$934176
=653  \\$aBogaart, J. v. d.$316, 17, 23, 37, 40, 149$929720$020140097$w10J22
=653  \\$aCoccejus$311, 20, 43, 125-127, 129, 149, 182$930559$020140097$w10J22
=653  \\$aDeutecom, A.$377, 78$931039$020140097$w10J22
=653  \\$aLabadie, J. de$37, 21-23, 135, 139$933843$020140097$w10J22
=653  \\$asalaris_prebende$3142-148$938699$020140097$w10J22
=653  \\$aSchurma, A.M. v.$37, 16, 21, 22, 32, 40, 74$938996$020140097$w10J22
=653  \\$aVoetius, G.$37, 16, 21, 22, 30, 39, 63, 125, 134, 142, 143, 146, 161, 182$937690$020140097$w10J22
=942  \\$cBOO
=952  \\$00$10$2ddc$40$6KTS_1_000000000000000_C2_64_10J22$70$8RAR$93008$aORPH$bORPH$cKTS1_C2$d2020-07-08$eKoopman$oKTS1 C2.64 10J22$p20140097$r2021-01-12 00:00:00$w2021-01-12$yBOO
=999  \\$d3008

