=LDR  01218aad a2200253   4500
=001  3009
=005  20250925111745.0
=008  230125s1877\\\\||||||||\||||\00|\0\eng\d
=041  \\$aeng
=100  \\$aGunnyon, William$4aut$97306
=245  \\$aIllustrations of Scottish History: $bLife and Superstition from Song and Ballad$nChapter III$pHistorical Songs and Ballads
=260  \\$aLondon$bHamilton, Adams & Co.$c1877
=300  \\$a[120] pages
=500  \\$aOffprint from 'Illustration of Scottish History', pages 34-153
=648  \0$a19th Century (1801-1900)$1http://www.wikidata.org/entity/Q6955$920935
=650  \0$aMusic history$1http://www.wikidata.org/entity/Q846047$921373
=650  \0$aSong$1http://www.wikidata.org/entity/Q7366$94164
=650  \0$aBallade$1http://www.wikidata.org/entity/Q805130$924829
=651  \0$aScotland$1http://www.wikidata.org/entity/Q22$921258
=856  \\$uhttps://books.google.be/books?id=i9Y_AQAAMAAJ20140109$3Google Books
=942  \\$cBOO
=952  \\$00$10$2ddc$40$6KTS_1_000000000000000_C2_64_10J23$70$8RAR$93009$aORPH$bORPH$cKTS1_C2$d2020-07-08$eKoopman$l0$oKTS1 C2.64 10J23$p20140098$r2021-01-12 00:00:00$w2021-01-12$yBOO
=999  \\$d3009
=533  \\$aDigitized by iGuana, Spring 2025.

