=LDR  01613aam a2200253   4500
=001  3010
=005  20250925143255.0
=008  230125s1920\\\\||||||||\||||\00|\p\ger\d
=041  \\$ager
=100  \\$aEberhardt, Paul$d1879-1923$4aut$1http://www.wikidata.org/entity/Q94761352$97307
=245  \\$aDas Rufen des Zarathushtra (Die Gathas des Awesta): ein Versuch ihren Sinn zu geben
=250  \\$a3rd ed.
=260  \\$aJena$bDiederich$c1920
=300  \\$a[iv]-81 pages$bmarbled cardboard binding, embossed emblem on front cover
=500  \\$aPaul Eberhardt was a  Protestant theologian, editor, writer 
=500  \\$aZoroastrianism is the indigenous monotheistic and dualistic religion of Iran founded by the prophet Zarathustra (Ancient Greek: Zoroaster). Zoroastrian philosophy has had a fundamental influence on the theology and cosmology of monotheistic religions.The religion was developed by the prophet Zarathustra. He is the author of the Gâthâs in the Avesta, sacred texts central to Zoroastrianism. Those texts are written in Avestic, akin to Old Persian.
=561  \\$aex libris Carl Hüni (Plate and manuscript)
=648  \0$a20th Century (1901-2000)$1http://www.wikidata.org/entity/Q6927$920936
=650  \0$aPoetry$1http://www.wikidata.org/entity/Q482$93026
=650  \0$aReligion$1http://www.wikidata.org/entity/Q9174$93062
=651  \0$aGermany$1http://www.wikidata.org/entity/Q183$9155
=942  \\$cBOO
=952  \\$00$10$2ddc$40$6KTS_1_000000000000000_C2_64_10J24$70$8RAR$93010$aORPH$bORPH$cKTS1_C2$d2020-07-08$eKoopman$l0$oKTS1 C2.64 10J24$p20140099$r2021-01-12 00:00:00$w2021-01-12$yBOO
=999  \\$d3010

