=LDR  04732    a2200817   4500
=001  3017
=008  210927s1698\\\\|||a||||\||||\00|\i\fre\d
=041  \\$afre
=100  \\$aMisson, François Maximilien$d1650-1722$4aut$1http://www.wikidata.org/entity/Q345742$97313
=245  \\$aNouveau voyage d'Italie$nvols. 1-2
=250  \\$a3rd ed.
=260  \\$aThe Hague$bvan Bulderen$c1698
=300  \\$a2 vols. ([xx]-334-[18]+356-[22] pages)$billustrations, inserted folded pages
=500  \\$aMaximilien Misson (?1650-1722) fled France after the Edict of Nantes in 1685 and traveled through Italy in 1687 and 1688. His books would become the standard travel guide to Italy and contain observations on Venetian opera.
=500  \\$aNice fold-outs and old annotations in cover, including, at the end, a statement saying: "lu avec beaucoup de plaisir"
=504  \\$aContains an index
=534  \\$aOriginally published in 1691
=590  \\$aTroisième édition, beaucoup augmentée, & enrichie de nouvelles figures.
=648  \0$a18th Century (1701-1800)$1http://www.wikidata.org/entity/Q7015$920899
=650  \0$aTravel$1http://www.wikidata.org/entity/Q61509$94440
=650  \0$aCorrespondence$1http://www.wikidata.org/entity/Q1784733$921392
=651  \0$aItaly$1http://www.wikidata.org/entity/Q38$922
=653  \0$a??$374 afb$020134180$w10K07_01$928331
=653  \0$aAretino$3281$020134180$w10K07_01$928762
=653  \0$aaulos$322 afb$020134181$w10K07_02$928873
=653  \0$abibliotheek$3tp, 82, 106, 165, 207, 208, 213-215, 293$020134180$w10K07_01$929548
=653  \0$abibliotheek$3tp, 134, 196, 198, 251, 338, 339, 347$020134181$w10K07_02$929548
=653  \0$aboekprijs$3142$020134181$w10K07_02$929701
=653  \0$acastraten$3238, 258$020134180$w10K07_01$930282
=653  \0$aChristina van Zweden$3140-142$020134181$w10K07_02$930460
=653  \0$aNederland$31-38$020134180$w10K07_01$935166
=653  \0$aopera$332, 236-239, 283$020134180$w10K07_01$935411
=653  \0$aopera$3113$020134181$w10K07_02$935411
=653  \0$aorgel_Italië, 17e eeuw$3147$020134180$w10K07_01$935511
=653  \0$aorgel_Nederland 17e eeuw$329$020134180$w10K07_01$935517
=653  \0$aOttoboni$3142$020134181$w10K07_02$935648
=653  \0$adiminuties$3237$020134180$w10K07_01$931087
=653  \0$adoedelzak$374 afb$020134180$w10K07_01$931125
=653  \0$aDürer, A.$3132$020134181$w10K07_02$931324
=653  \0$aFrans-Italiaans$3230, 237$020134180$w10K07_01$931874
=653  \0$aFranse invloed in Nederland$332$020134180$w10K07_01$931882
=653  \0$atabak$377$020134180$w10K07_01$936718
=653  \0$atekstuitspraak$332$020134180$w10K07_01$936786
=653  \0$atrompet$385, 253$020134180$w10K07_01$937194
=653  \0$aharp$3257, 278$020134181$w10K07_02$932582
=653  \0$aVerona$3151-166$020134180$w10K07_01$937425
=653  \0$awijn$3231$020134180$w10K07_01$937961
=653  \0$awijn$3156, 246 afb $020134181$w10K07_02$937961
=653  \0$akoor/orkestbezetting$3237$020134180$w10K07_01$933678
=653  \0$asalaris$3105$020134181$w10K07_02$938697
=653  \0$aschalmei$3253$020134180$w10K07_01$938803
=653  \0$amise-en-scène$332, 237$020134180$w10K07_01$939272
=653  \0$amise-en-scène$3116$020134181$w10K07_02$939272
=653  \0$amuziek$373, 85$020134180$w10K07_01$934990
=653  \\$ahoeren/bordeel$333, 233-235$932820$020134180$w10K07_01
=653  \\$ahoeren/bordeel$3113, 151$932820$020134181$w10K07_02
=653  \\$aintarsia$3350$933092$020134181$w10K07_02
=653  \\$amaîtraisse$3232, 233$934375$020134180$w10K07_01
=653  \\$amaîtraisse$3209$934375$020134181$w10K07_02
=653  \\$aMascardo_Palazzo miniscalci$3156-160, 162-166$934503$020134180$w10K07_01
=653  \\$aMichelangelo$3131, 195, 336, 339$910268$020134181$w10K07_02
=653  \\$aPordenone$3110, 111$936083$020134181$w10K07_02
=653  \\$aRaphael$3125, 131, 132 etc., 164, 177, 196, 197, 307$923122$020134181$w10K07_02
=653  \\$aspielereiregister op orgel$3147$936418$020134180$w10K07_01
=653  \\$atorenmuziek$373, 85, 94$937036$020134180$w10K07_01
=653  \\$awisselkoers$3105, 106, 128$938010$020134181$w10K07_02
=856  \\$uhttps://gallica.bnf.fr/ark:/12148/bpt6k5800783m; https://gallica.bnf.fr/ark:/12148/bpt6k5803825f$3Gallica
=942  \\$cBOO
=952  \\$00$10$2ddc$3vol.1$40$6KTS_1_000000000000000_C1_37_10K07_01$70$8RAR$93017$aORPH$bORPH$cKTS1_C1$d2020-07-08$eKoopman$oKTS1 C1.37 10K07_01$p20134180$r2021-01-12 00:00:00$w2021-01-12$yBOO
=952  \\$00$10$2ddc$3vol.2$40$6KTS_1_000000000000000_C1_37_10K07_02$70$8RAR$920661$aORPH$bORPH$cKTS1_C1$d2020-07-08$eKoopman$l0$oKTS1 C1.37 10K07_02$p20134181$r2021-09-27 00:00:00$w2021-01-12$yBOO
=999  \\$d3017

