=LDR  01647    a2200325   4500
=001  3018
=008  210927s1714\\\\|||a||||\||||\00|\m\dut\d
=041  \\$adut
=100  \\$aPoirters, Adrianius$d1605-1674$4aut$1http://www.wikidata.org/entity/Q2025692$97073
=245  \\$aYdelheyd des werelds,$bverciert met zinnebeelden, rymdichten en zede-leeringen
=260  \\$aAntwerp$bRobyns$c1714
=300  \\$a[xxiv]-190-[2] pages$billustrations
=336  \\$abook
=336  \\$aprinted
=500  \\$aEmblem book by a Jesuit priest, Counter-Reformation poet and prose writer. 
=648  \0$a18th Century (1701-1800)$1http://www.wikidata.org/entity/Q7015$920899
=650  \0$aPoetry$1http://www.wikidata.org/entity/Q482$93026
=650  \0$aMoral education$1http://www.wikidata.org/entity/Q25457248$93171
=650  \0$aEmblem$1http://www.wikidata.org/entity/Q112110$93250
=653  \0$aop de wijze van $3178, 179, 183-185$020134179$w10K08$935398
=653  \0$adoedelzak$3Dance; Teaching$020134179$w10K08$931125
=653  \0$atabak$3117, 119$020134179$w10K08$936718
=653  \0$awijn$3118, 119$020134179$w10K08$937961
=653  \0$aklavecimbel_België 18e eeuw$3tp?$020134179$w10K08$933476
=653  \\$aDiamaer, H.F.$3titelgravure$931050$020134179$w10K08
=700  \\$4ill$aDiamaer, Hendrik Frans$d1685-1726$1http://www.wikidata.org/entity/Q56447320$97314
=856  \\$uhttps://books.google.be/books?id=gZ7TEujPcWQC$3Google Books
=942  \\$cBOO
=952  \\$00$10$2ddc$40$6KTS_1_000000000000000_C1_37_10K08$70$8RAR$93018$aORPH$bORPH$cKTS1_C1$d2020-07-08$eKoopman$i10K08$oKTS1 C1.37 10K08$p20134179$r2021-01-12 00:00:00$w2021-01-12$yBOO
=999  \\$d3018

