=LDR  02311aam a2200361   4500
=001  3021
=008  210929i16721677\\\fg|||\||||\00|\d\ger\d
=041  \\$ager$hlat
=100  \\$aHugo, Herman$d1588-1629$4aut$97148
=245  \\$aPia desideria
=260  \\$aBamberg$bImmel$c1672$c1676$c1677
=300  \\$a3 volumes ([iv]-216+[vii]-239+[vi]-192 pages, c. 45 plates)$bmusic examples
=500  \\$avol. 1 is subtitled "Das Klagen der büssenden Seel", vol. 2 "Der weltberühmten Trutz Nachtigall Töchterlein oder Das Verlangen der Heiligen Seel", vol. 3 "Der lieblichen Trutz Nachtigall Enckel oder Das Seüffzen der verliebten Seel"
=610  \0$aJesuits$1http://www.wikidata.org/entity/Q36380$921140
=648  \0$a17th Century (1601-1700)$1http://www.wikidata.org/entity/Q7016$920923
=650  \0$aLibretto$1http://www.wikidata.org/entity/Q131084$94031
=650  \0$aLibretto$1http://www.wikidata.org/entity/Q131084$94031
=650  \0$aEmblem$1http://www.wikidata.org/entity/Q112110$93250
=651  \0$aBelgium$1http://www.wikidata.org/entity/Q31$920881
=653  \0$aad lib bezetting$33 etc.$020137381$w10K11_01$928466
=653  \0$aad lib bezetting$33 etc.$020137381$w10K11_02$928466
=653  \0$aad lib bezetting$32 etc.$020137381$w10K11_03$928466
=653  \0$amuzieknotatie$33, 12, 22, 42, 60, 72, 84, 94, 104, 122, 136, 156, 182, 194, 210, 238$020137381$w10K11_01$935087
=653  \0$amuzieknotatie$33, 14, 31, 48, 66, 78, 94, 112, 142, 162, 178, 192, 214, 228$020137381$w10K11_02$935087
=653  \0$amuzieknotatie$32, 12, 22, 44, 56, 70, 82, 96, 108, 122, 136, 150, 166, 180$020137381$w10K11_03$935087
=653  \0$ameer benutten zelfde partituur$32 etc.$020137381$w10K11_03$934589
=653  \\$ameer benutten zelfde editie$33, 12, 22, 42, 60, 72, 84, 94, 104, 122, 136, 156-159, 182, 194-197, 210, 238$934587$020137381$w10K11_01
=653  \\$ameer benutten zelfde editie$33, 14, 31, 48, 66, 78, 94, 112, 142, 162, 178, 192, 214, 228$934587$020137381$w10K11_02
=700  \\$4trl$aPresson, Andreas$97317
=856  \\$uhttps://books.google.be/books?id=5e48AAAAcAAJ$3Google Books
=942  \\$cBOO
=952  \\$00$10$2ddc$40$6KTS_1_000000000000000_C1_37_10K11$70$8RAR$93021$aORPH$bORPH$cKTS1_C1$d2020-07-08$eKoopman$oKTS1 C1.37 10K11$p20137381$r2021-01-12 00:00:00$w2021-01-12$yBOO
=999  \\$d3021

