=LDR  01407    a2200265   4500
=001  3022
=008  210929s1757\\\\||||||||\||||\00|\0\fre\d
=041  \\$afre
=245  \\$aLa France littéraire :$bpour l'année 1757
=260  \\$aParis$bDuchesne$c1757
=300  \\$a[xii]-xlix-[iii]-312 pages$bgilded edges
=336  \\$aprinted
=500  \\$aThis series ran from 1754 to 1764
=561  \\$aEx libris J. Bruin 1789 (ms.)
=590  \\$aContenant les noms & les ouvrages de gents de lettres, des sçavans & des artistes célébres qui vivent actuellement en France : augmentée du catalogue des académies établies tant à Paris, que dans les differentes villes du royaume, & d'un supplément
=648  \0$a18th Century (1701-1800)$1http://www.wikidata.org/entity/Q7015$920899
=650  \0$aAlmanac$1http://www.wikidata.org/entity/Q171341$921366
=650  \0$aHistory$1http://www.wikidata.org/entity/Q309$921403
=651  \0$aFrance$1http://www.wikidata.org/entity/Q142$9131
=653  \0$aboekprijs$3tp$020137379$w10K12$929701
=653  \0$adrukfout$3na vw$020137379$w10K12$931220
=856  \\$uhttps://books.google.be/books?id=wPRLAAAAcAAJ&hl=nl&pg=PP7#v=onepage&q&f=false$3Google Books
=942  \\$cBOO
=952  \\$00$10$2ddc$40$6KTS_1_000000000000000_C1_37_10K12$70$8RAR$93022$aORPH$bORPH$cKTS1_C1$d2020-07-08$eKoopman$i10K12$oKTS1 C1.37 10K12$p20137379$r2021-01-12 00:00:00$w2021-01-12$yBOO
=999  \\$d3022

