=LDR  06148    a2200697   4500
=001  3027
=005  20251001162233.0
=008  210531s1643\\\\\\\ga|||\||||\00|\0\ger\d
=041  \\$ager
=100  \\$aHarsdörffer, Georg Philipp$d1607-1658$4aut$1http://www.wikidata.org/entity/Q66605$97319
=245  \\$aGesprachspiele, $bso bey Ehrn- und Tugendliebenden Gesellschaften aufzuüben$nvol. 3
=260  \\$aNuremberg$bEndter$c1643
=300  \\$a[xvii]-472-[48] pages$bmusic examples, illustrations$c9x14 cm, oblong
=500  \\$aContains plates (title-page, Erklärung, biv, 2, 20, 21, 156, 157, 159, 160, 162-164, 166, 167, 169-175, 185, 192, 200, 204, 212, 233, 241, 248, 251, 264, 266, 268, 346, 350, 353, and last page) and music
=500  \\$aSome notes in German handwriting in inner cover
=500  \\$aInfluenced by the French ideal of the "honnête homme", the "informed and socially polished type of man", in his "Frauenzimmer Gesprächspielen" the Nuremberg native takes his cue not least from the model and content of the public "Conférences" in Paris - the kind of informal gathering in which representatives of fiction and the education-hungry middle class, but no less so representatives of the natural sciences, debate "all the fine matters of physics, morals, mathematics and other disciplines". Because they combine "information and narration" in a variety of ways, combine "knowledge and intellectual pleasure", take the "delectare" of the ancient and humanistic dual purpose of literature alongside the "prodesse" really seriously, one rightly sees a "conversational aesthetic of 'impromptu'" at work in the layout of the "Gesprächspiele". These mind games of intellectual sociability were also part of the Italian Academies (such as the "Intronati", "Incogniti" and "Oziosi") Harsdörffer got in contact with during his Italian travels. Subjects of all kind are discussed in the form of a free conversation in which six persons, of both sexes and different ages, take part. 
=500  \\$aSubjects of all kind are discussed in the guise of a free conversation in which six persons, of both sexes and different ages, take part. A great number of fine copperplates, some emblematic, others taken from contemporary life, illustrate the text, so that the work has become a treasure house for literary research.
=500  \\$aConversation CXXX (p.170-242) seems to be a musical drama entitled 'Von der Welt Eitelkeit', offering information on libretto, cast, stagesets, music (instrumentation, score) & lighting. As the opera (allegorical shepherd's play) 'Seelewig' is found in the fourth volume on a libretto by Harsdörffer himself, and music composed by Sigmund Theophil Staden (1607-1655), this could probably be by the same team.
=500  \\$aFront plate (double paged) represents the company of six persons (a quartet and a duo) walking in a courtyard of a beautiful villa under a starry night sky, far from the world, as they turn to erudite, entertaining, perceptive conversation.
=534  \\$aThe 8 volumes of "(Frauenzimmer) Gesprachspiele" were published periodically (1643-1649), though not at regular intervals, and may thus be regarded as the forerunner of a literary magazine. Beginning with vol. 3 the word 'Frauenzimmer' is omitted, presumably in order not to frighten away male readers. 
=561  \\$aEx libris N. Ferber Hamburg 1876 (manuscript) and Dr. Med. Ferber 1882 (plate)
=590  \\$aSamt einer Zugabe genant: Melisa. Verfasset durch einen Mitgenossen der hochlöblichen Fruchtbringenden Geselschaft
=648  \0$a17th Century (1601-1700)$1http://www.wikidata.org/entity/Q7016$920923
=650  \0$aPoetry$1http://www.wikidata.org/entity/Q482$93026
=650  \0$aEmblem$1http://www.wikidata.org/entity/Q112110$93250
=650  \0$aPlay (theater)$1http://www.wikidata.org/entity/Q25379$921414
=650  \0$aLinguistics$1http://www.wikidata.org/entity/Q8162$93902
=650  \0$aPhilosophy$1http://www.wikidata.org/entity/Q5891$92357
=650  \0$aAesthetics$1http://www.wikidata.org/entity/Q35986$921494
=650  \0$aScenography$1http://www.wikidata.org/entity/Q737201$921278
=650  \0$aMythology$1http://www.wikidata.org/entity/Q9134$921600
=650  \0$aApplied arts$1http://www.wikidata.org/entity/Q2865882$921627
=650  \0$aMoral education$1http://www.wikidata.org/entity/Q25457248$93171
=650  \0$aRhetoric$1http://www.wikidata.org/entity/Q81009$93894
=651  \0$aNuremberg (Germany)$1http://www.wikidata.org/entity/Q2090$921596
=653  \0$aad lib. bezetting$3180$020136481$w05B47$928471
=653  \0$abibliotheek$3454$020136481$w05B47$929548
=653  \0$aBalzac$3363$020136481$w05B47$929056
=653  \0$aOpitz, M.$3307, 308, 440$020136481$w05B47$935443
=653  \0$aorgel$3294$020136481$w05B47$935465
=653  \0$aorgelbc$3180$020136481$w05B47$935537
=653  \0$adansen$3252$020136481$w05B47$930928
=653  \0$aechoeffekt$3register: Wiederhall$020136481$w05B47$931377
=653  \0$atabak$3252$020136481$w05B47$936718
=653  \0$ageigenwerk$3180$020136481$w05B47$932084
=653  \0$atrompet$3251, 287, 6 blz. voor einde, register: Ehrgeitz & Trompeter$020136481$w05B47$937194
=653  \0$awijn$3453$020136481$w05B47$937961
=653  \0$aluit$3180, 369$020136481$w05B47$934262
=653  \0$aluit bc$3180$020136481$w05B47$934263
=653  \0$amise-en-scène$3tp, 174-252$020136481$w05B47$939272
=653  \0$aMersenne$3255$020136481$w05B47$934691
=653  \0$amuziek$3171, 173, 178-242, 254, 255, 294, 309, 369, 448$020136481$w05B47$934990
=653  \\$acabalistiek$3332-334$930095$020136481$w05B47
=653  \\$aLope de Vega$3363$934208$020136481$w05B47
=653  \\$alyra$3188$934305$020136481$w05B47
=653  \\$aSchurman, Anna Maria$3Biii$938998$020136481$w05B47
=653  \\$aStaden, H.$3componist 178 e.v.?$936475$020136481$w05B47
=942  \\$cBOO
=952  \\$00$10$2ddc$40$6KTS_1_000000000000000_C1_03_05B47$70$8RAR$93027$aORPH$bORPH$cKTS1_C1$d2020-07-08$eKoopman$i10K17$oKTS1 C1.03 05B47$p20136481$r2021-01-12 00:00:00$w2021-01-12$yBOO
=999  \\$d3027
=533  \\$aDigitized by iGuana, Spring 2025.

