=LDR  01884aam a2200289   4500
=001  3029
=008  210420s1810\\\\\\\|||||\||||\00|\0\lat\d
=041  \\$alat
=100  \\$aBauer, Fridericus$dfl. 1810$4aut$97321
=245  \\$aSyntaxista
=260  \\$as.l.$c1810
=300  \\$a[103] pages $c21x12cm, oblong
=500  \\$aUnpaginated, with on the left page clumsy Latin poetry with stresses indicated and on the right page a version of the same line with improved syntax.
=500  \\$aContains small double sided loose page "de cultu S. Anna"
=500  \\$aManuscript from a German Jesuit monastery.
=500  \\$aIn 1810, new school statutes were drawn up, regulating the activities of professors, educators and alumni.
The statutes were connected with a catalogue of duties for the pupils.The course of instruction (conspectus studiorum) in the higher class, the so-called Primani, lasted three years, in the middle class (secundari) and the elementary class (syntaxista) both lasted two year long.
=561  \\$aEx libris Bauer ex-Hoengen Fridericus Bauer ex Hoengen Anno 1810 (manuscript, drawn plate) and Dom. Script. Provinc. Gebu S. J. (stamp)
=610  \0$aJesuits$1http://www.wikidata.org/entity/Q36380$921140
=648  \0$a19th Century (1801-1900)$1http://www.wikidata.org/entity/Q6955$920935
=650  \0$aPoetry$1http://www.wikidata.org/entity/Q482$93026
=650  \0$aLinguistics$1http://www.wikidata.org/entity/Q8162$93902
=650  \0$aLatin$1http://www.wikidata.org/entity/Q397$93992
=651  \0$aGermany$1http://www.wikidata.org/entity/Q183$9155
=856  \\$uhttps://drive.google.com/drive/folders/1eItHXql1oMkAHCkQ_jkky-XexHF5urbJ$3Koopman Digital
=942  \\$cMS
=952  \\$00$10$2ddc$40$6KTS_1_000000000000000_C1_37_10K19$70$8RAR$93029$aORPH$bORPH$cKTS1_C1$d2020-07-08$eKoopman$l0$oKTS1 C1.37 10K19$p20136287$r2021-01-12 00:00:00$w2021-01-12$yMS
=999  \\$d3029

