=LDR  01197aam a2200241   4500
=001  3030
=008  211004s1705\\\\||||||||\||||\00|\p\fre\d
=041  \\$afre
=100  \\$aLa Sablière, Antoine de Rambouillet de$d1624-1679$1http://www.wikidata.org/entity/Q55876476$4aut$97322
=245  \\$aMadrigaux
=260  \\$aAmsterdam$bSchelte$c1705
=300  \\$a84 pages
=500  \\$aLa Sablière (1624-1679) was conseiller du roi et des finances; his madrigals were published posthumously by his son
=534  \\$cParis: Barbin, 1680$ohttps://gallica.bnf.fr/ark:/12148/bpt6k8711369x
=561  \\$aEx libris P. Guy Pellion (plate)
=648  \0$a17th Century (1601-1700)$1http://www.wikidata.org/entity/Q7016$920923
=648  \0$a18th Century (1701-1800)$1http://www.wikidata.org/entity/Q7015$920899
=650  \0$aMadrigal$1http://www.wikidata.org/entity/Q193217$921649
=650  \0$aPoetry$1http://www.wikidata.org/entity/Q482$93026
=651  \0$aFrance$1http://www.wikidata.org/entity/Q142$9131
=942  \\$cBOO
=952  \\$00$10$2ddc$40$6KTS_1_000000000000000_C1_37_10K20$70$8RAR$93030$aORPH$bORPH$cKTS1_C1$d2020-07-08$eKoopman$oKTS1 C1.37 10K20$p20134198$r2021-01-12 00:00:00$w2021-01-12$yBOO
=999  \\$d3030

