=LDR  01068aam a2200241   4500
=001  3032
=008  210527s1668\\\\\\\a||||\||||\00|\f\fre\d
=041  \\$afre
=100  \\$aScarron, Paul$d1610-1660$4aut$1http://www.wikidata.org/entity/Q551725$96729
=245  \\$aLe Romant comique
=260  \\$aParis$bs.n.$c1668
=300  \\$a2 volumes ([ii]-116-[2]+[ii]-196-[2] pages)
=501  \\$aBound in with Scarron's 'Les nouvelles oeuvres tragi-comiques'
=534  \\$aOriginally published in 1651-57
=561  \\$aEx libris Christian Iuncker (plate) and F. v. S. (plate)
=563  \\$aBound in white vellum
=648  \0$a17th Century (1601-1700)$1http://www.wikidata.org/entity/Q7016$920923
=650  \0$aNovel$1http://www.wikidata.org/entity/Q8261$921629
=651  \0$aFrance$1http://www.wikidata.org/entity/Q142$9131
=773  \\$03032$tLe Romant comique$w3032
=942  \\$cBOO
=952  \\$00$10$2ddc$40$6KTS_1_000000000000000_C1_37_10K22A$70$8RAR$93032$aORPH$bORPH$cKTS1_C1$d2020-07-08$eKoopman$oKTS1 C1.37 10K22a$p20134194a$r2021-01-12 00:00:00$w2021-01-12$yBOO
=999  \\$d3032

