=LDR  01226aam a2200241   4500
=001  3033
=008  210527s1675\\\\\\\|||||\||||\00|\f\fre\d
=041  \\$afre$hspa
=100  \\$aScarron, Paul$d1610-1660$4adp$1http://www.wikidata.org/entity/Q551725$96729
=245  \\$aLes Nouvelles œuvres tragi-comiques$btiré des plus fameux autheurs espagnols
=260  \\$aAmsterdam$bWolfganck$c1675
=300  \\$a252 pages
=501  \\$aBound in with Scarron's 'Le romant comique'
=563  \\$aBound in white vellum
=590  \\$aOù sont agreablement d'escrites diverses Adventures amoureuses, dans lesquelles se découvrent les Ruses, Pratiques, & Commerce d'amour, des Courtisans de ce Temps
=648  \0$a17th Century (1601-1700)$1http://www.wikidata.org/entity/Q7016$920923
=650  \0$aNovel$1http://www.wikidata.org/entity/Q8261$921629
=651  \0$aFrance$1http://www.wikidata.org/entity/Q142$9131
=773  \\$03032$tLe Romant comique$w3032
=856  \\$uhttps://books.google.be/books?id=gg86AAAAcAAJ$3Google Books
=942  \\$cBOO
=952  \\$00$10$2ddc$40$6KTS_1_000000000000000_C1_37_10K22B$70$8RAR$93033$aORPH$bORPH$cKTS1_C1$d2020-07-08$eKoopman$oKTS1 C1.37 10K22b$p20134194b$r2021-01-12 00:00:00$w2021-01-12$yBOO
=999  \\$d3033

