=LDR  01392aam a2200229   4500
=001  3036
=008  230117s1819\\\\|||af|||\||||\00|\f\fre\d
=041  \\$afre
=100  \\$aRousseau, Jean-Jacques$d1712-1778$4aut$1http://www.wikidata.org/entity/Q6527$95214
=245  \\$aJulie, ou La nouvelle Héloïse$nvols. 1-3
=260  \\$aParis$bLedoux$bTenré$c1819
=300  \\$a3 vols. (503+366+407 pages)$b3 engraved frontispieces
=490  \\$aŒuvres de J. J. Rousseau$v3-5
=590  \\$aou lettres de deux amants, habitants d'une petite ville au pied des alpes
=648  \0$a18th Century (1701-1800)$1http://www.wikidata.org/entity/Q7015$920899
=648  \0$a19th Century (1801-1900)$1http://www.wikidata.org/entity/Q6955$920935
=650  \0$aNovel$1http://www.wikidata.org/entity/Q8261$921629
=942  \\$cBOO
=952  \\$00$10$2ddc$40$6KTS_1_000000000000000_C2_61_10L01_03$70$8RAR$93036$aORPH$bORPH$cKTS1_C2$d2020-07-08$eKoopman$l0$oKTS1 C2.61 10L01_03$p20140020$r2021-01-12 00:00:00$w2021-01-12$yBOO
=952  \\$00$10$2ddc$40$6KTS_1_000000000000000_C2_62_10L01_04$70$8RAR$922357$aORPH$bORPH$cKTS1_C2$d2020-07-08$eKoopman$l0$oKTS1 C2.62 10L01_04$p20140021$r2023-01-17 00:00:00$w2021-01-12$yBOO
=952  \\$00$10$2ddc$40$6KTS_1_000000000000000_C2_62_10L01_05$70$8RAR$922358$aORPH$bORPH$cKTS1_C2$d2020-07-08$eKoopman$l0$oKTS1 C2.62 10L01_05$p20140022$r2023-01-17 00:00:00$w2021-01-12$yBOO
=999  \\$d3036

