=LDR  01945aam a2200265   4500
=001  3037
=008  230118s1819\\\\|||af|||\||||\00|\|\fre\d
=041  \\$afre
=100  \\$aRousseau, Jean-Jacques$d1712-1778$4aut$1http://www.wikidata.org/entity/Q6527$95214
=245  \\$aÉmile, ou De l'éducation$nvols. 1-3
=260  \\$aParis$bLedoux$bTenré$c1819
=300  \\$a3 vols. (412+342+425 pages)$b3 engraved frontispieces
=490  \\$aŒuvres de J. J. Rousseau$v6-8
=500  \\$aEmile, or On Education is a treatise on the nature of education and on the nature of man by Jean-Jacques Rousseau, who considered it to be the "best and most important" of all his writings. Due to a section of the book entitled "Profession of Faith of the Savoyard Vicar", Emile was banned in Paris and Geneva and was publicly burned in 1762, the year of its first publication. During the French Revolution, Emile served as the inspiration for what became a new national system of education.
=590  \\$aÉmile et Sophie
=648  \0$a18th Century (1701-1800)$1http://www.wikidata.org/entity/Q7015$920899
=648  \0$a19th Century (1801-1900)$1http://www.wikidata.org/entity/Q6955$920935
=650  \0$aPhilosophy$1http://www.wikidata.org/entity/Q5891$92357
=650  \0$aPolitics$1http://www.wikidata.org/entity/Q7163$921826
=650  \0$aEducation$926206
=942  \\$cBOO
=952  \\$00$10$2ddc$40$6KTS_1_000000000000000_C2_62_10L01_06$70$8RAR$93037$aORPH$bORPH$cKTS1_C2$d2020-07-08$eKoopman$l0$oKTS1 C2.62 10L01_06$p20140023$r2021-01-12 00:00:00$w2021-01-12$yBOO
=952  \\$00$10$2ddc$40$6KTS_1_000000000000000_C2_62_10L01_07$70$8RAR$922359$aORPH$bORPH$cKTS1_C2$d2020-07-08$eKoopman$l0$oKTS1 C2.62 10L01_07$p20140024$r2023-01-18 00:00:00$w2021-01-12$yBOO
=952  \\$00$10$2ddc$40$6KTS_1_000000000000000_C2_62_10L01_08$70$8RAR$922360$aORPH$bORPH$cKTS1_C2$d2020-07-08$eKoopman$l0$oKTS1 C2.62 10L01_08$p20140025$r2023-01-18 00:00:00$w2021-01-12$yBOO
=999  \\$d3037

