=LDR  00941aam a2200205   4500
=001  3038
=008  230118s1819\\\\||||||||\||||\00|\0\fre\d
=041  \\$afre
=100  \\$aRousseau, Jean-Jacques$d1712-1778$4aut$1http://www.wikidata.org/entity/Q6527$95214
=245  \\$aÀ Christophe de Beaumont:$bLettres écrites de la montagne
=260  \\$aParis$bLedoux$bTenré$c1819
=300  \\$a541 pages
=490  \\$aŒuvres de J. J. Rousseau$v9
=600  \0$aBeaumont, Christophe de$d1703-1781$98124
=648  \0$a18th Century (1701-1800)$1http://www.wikidata.org/entity/Q7015$920899
=648  \0$a19th Century (1801-1900)$1http://www.wikidata.org/entity/Q6955$920935
=650  \0$aReligion$1http://www.wikidata.org/entity/Q9174$93062
=942  \\$cBOO
=952  \\$00$10$2ddc$40$6KTS_1_000000000000000_C2_61_10L01_09$70$8RAR$922361$aORPH$bORPH$cKTS1_C2$d2020-07-08$eKoopman$l0$oKTS1 C2.61 10L01_09$p20140026$r2021-01-12 00:00:00$w2021-01-12$yBOO
=999  \\$d3038

