=LDR  00993aam a2200217   4500
=001  3039
=008  230118r18191753|||af|||\||||\00|\d\fre\d
=041  \\$afre
=100  \\$aRousseau, Jean-Jacques$d1712-1778$4aut$1http://www.wikidata.org/entity/Q6527$95214
=245  \\$aÀ M. d'Alembert; Narcisse, ou L'Amant de lui-même
=260  \\$aParis$bLedoux$bTenré$c1819
=300  \\$a542 pages
=490  \\$aŒuvres de J. J. Rousseau$v10
=500  \\$aNarcisse is a one-act piece, which premiered in 1752
=534  \\$aFirst published in 1753
=648  \0$a18th Century (1701-1800)$1http://www.wikidata.org/entity/Q7015$920899
=648  \0$a19th Century (1801-1900)$1http://www.wikidata.org/entity/Q6955$920935
=650  \0$aPlay (theater)$1http://www.wikidata.org/entity/Q25379$921414
=942  \\$cBOO
=952  \\$00$10$2ddc$40$6KTS_1_000000000000000_C2_61_10L01_10$70$8RAR$93039$aORPH$bORPH$cKTS1_C2$d2020-07-08$eKoopman$l0$oKTS1 C2.61 10L01_10$p20140027$r2021-01-12 00:00:00$w2021-01-12$yBOO
=999  \\$d3039

