=LDR  01054aam a2200229   4500
=001  3042
=008  230118s1819\\\\||||||||\||||\00|\0\fre\d
=041  \\$afre
=100  \\$aRousseau, Jean-Jacques$d1712-1778$4aut$1http://www.wikidata.org/entity/Q6527$95214
=245  \\$aMélanges
=260  \\$aParis$bLedoux$bTenré$c1819
=300  \\$a570 pages
=490  \\$aŒuvres de J. J. Rousseau$v14
=648  \0$a18th Century (1701-1800)$1http://www.wikidata.org/entity/Q7015$920899
=648  \0$a19th Century (1801-1900)$1http://www.wikidata.org/entity/Q6955$920935
=650  \0$aPhilosophy$1http://www.wikidata.org/entity/Q5891$92357
=650  \0$aCorrespondence$1http://www.wikidata.org/entity/Q1784733$921392
=650  \0$aPoetry$1http://www.wikidata.org/entity/Q482$93026
=650  \0$aDictionary$1http://www.wikidata.org/entity/Q23622$921580
=942  \\$cBOO
=952  \\$00$10$2ddc$40$6KTS_1_000000000000000_C2_61_10L01_14$70$8RAR$93042$aORPH$bORPH$cKTS1_C2$d2020-07-08$eKoopman$l0$oKTS1 C2.61 10L01_14$p20140033$r2021-01-12 00:00:00$w2021-01-12$yBOO
=999  \\$d3042

