=LDR  01678aam a2200217   4500
=001  3043
=008  230118r18191782|||acf||\||||\00|\0afre\d
=041  \\$afre
=100  \\$aRousseau, Jean-Jacques$d1712-1778$4aut$1http://www.wikidata.org/entity/Q6527$95214
=245  \\$aLes Confessions$nvols. 1-2
=260  \\$aParis$bLedoux$bTenré$c1819
=300  \\$a2 vols. (558+588 pages)$b2 engraved frontispieces
=490  \\$aŒuvres de J. J. Rousseau$v15-16
=500  \\$aThe Confessions was two distinct works, each part consisting of six books. Books I to VI were written between 1765 and 1767 and published in 1782, while books VII to XII were written in 1769–1770 and published in 1789. Rousseau alludes to a planned third part, but it was never completed. Though the book contains factual inaccuracies – in particular, Rousseau's dates are frequently off, some events are out of order, and others are misrepresented, incomplete, or incorrect – Rousseau provides an account of the experiences that shaped his personality and ideas.
=648  \0$a18th Century (1701-1800)$1http://www.wikidata.org/entity/Q7015$920899
=648  \0$a19th Century (1801-1900)$1http://www.wikidata.org/entity/Q6955$920935
=650  \0$aBiography$1http://www.wikidata.org/entity/Q36279$91927
=942  \\$cBOO
=952  \\$00$10$2ddc$40$6KTS_1_000000000000000_C2_61_10L01_15$70$8RAR$93043$aORPH$bORPH$cKTS1_C2$d2020-07-08$eKoopman$l0$oKTS1 C2.61 10L01_15$p20140031$r2021-01-12 00:00:00$w2021-01-12$yBOO
=952  \\$00$10$2ddc$40$6KTS_1_000000000000000_C2_61_10L01_16$70$8RAR$922363$aORPH$bORPH$cKTS1_C2$d2020-07-08$eKoopman$l0$oKTS1 C2.61 10L01_16$p20140032$r2023-01-18 00:00:00$w2021-01-12$yBOO
=999  \\$d3043

