=LDR  00921aam a2200205   4500
=001  3044
=008  230118r18191762||||||||\||||\00|\0\fre\d
=041  \\$afre
=100  \\$aRousseau, Jean-Jacques$d1712-1778$4aut$1http://www.wikidata.org/entity/Q6527$95214
=245  \\$aQuatre lettres à M. le Président de Malesherbes
=260  \\$aParis$bLedoux$bTenré$c1819
=300  \\$a724 pages
=490  \\$aŒuvres de J. J. Rousseau$v17
=534  \\$aOriginally published in 1762
=648  \0$a18th Century (1701-1800)$1http://www.wikidata.org/entity/Q7015$920899
=648  \0$a19th Century (1801-1900)$1http://www.wikidata.org/entity/Q6955$920935
=650  \0$aPhilosophy$1http://www.wikidata.org/entity/Q5891$92357
=942  \\$cBOO
=952  \\$00$10$2ddc$40$6KTS_1_000000000000000_C2_61_10L01_17$70$8RAR$93044$aORPH$bORPH$cKTS1_C2$d2020-07-08$eKoopman$l0$oKTS1 C2.61 10L01_17$p20140034$r2021-01-12 00:00:00$w2021-01-12$yBOO
=999  \\$d3044

