=LDR  01401    a2200265   4500
=001  3049
=008  211208s1700\\\\\\\|||||\||||\00|\d\fre\d
=041  \\$afre
=100  \\$aPradon, Jacques$d1632-1698$4aut$1http://www.wikidata.org/entity/Q3340704$97328
=245  \\$aŒuvres
=260  \\$aParis$bRibou$c1700
=300  \\$a[vi]-501 pages$bengraved frontispiece
=500  \\$aOriginally published in 1688
=500  \\$acontains Pirame et Thisbé, Tamerlan, ou La mort de Bajazet (on which Handel's Tamerlano is based), Phèdre et Hipolite, La Troade, Statira, Regulus (the inspiration for Metastasio's Attilio Regolo) and Scipion l'Africain
=561  \\$aex libris  "Bordeaux 15 juin 1959 (illegible)" (manuscript)
=648  \0$a17th Century (1601-1700)$1http://www.wikidata.org/entity/Q7016$920923
=650  \0$aPlay (theater)$1http://www.wikidata.org/entity/Q25379$921414
=650  \0$aLiterature$1http://www.wikidata.org/entity/Q8242$94439
=651  \0$aFrance$1http://www.wikidata.org/entity/Q142$9131
=653  \0$aboekprijs$3tp$020137930$w11A04$929701
=653  \\$aZaide$373-144$938074$020137930$w11A04
=856  \\$uhttps://gallica.bnf.fr/view3if/ga/ark:/12148/bpt6k5835881h/f2$3IIIF
=942  \\$cBOO
=952  \\$00$10$2ddc$40$6KTS_1_000000000000000_C1_57_11A04$70$8RAR$93049$aORPH$bORPH$cKTS1_C1$d2020-07-08$eKoopman$oKTS1 C1.57 11A04$p20137930$r2021-01-12 00:00:00$w2021-01-12$yBOO
=999  \\$d3049

