=LDR  04471    a2200865   4500
=001  3050
=005  20250923161050.0
=008  211208s1658\\\\\\\c||||\||||\00|\p\dut\d
=041  \\$adut
=100  \\$aVondel, Joost van den$d1587-1679$4aut$1http://www.wikidata.org/entity/Q312673$95247
=245  \\$aPoezy of verscheidene gedichten
=250  \\$a2nd ed.
=260  \\$aLeeuwarden$bSybes$c1658
=300  \\$a14-611-16 pages$bengraved frontispiece, inserted portrait engraving
=336  \\$aprinted
=500  \\$aOriginally published in 1652
=500  \\$afrontispiece engraving by Gysbert Sybes (fl.1638-1660)
=500  \\$aengraved portrait of Vondel, slightly disfigured by an ink blot
=500  \\$aliterature: see 41A21, pages 3-4 (no. 9)
=561  \\$aex libris from a library in Stockholm (Plate)
=590  \\$aBy een vergadert, vermeert, en op een nieuw oversien. Mitsgaders een Aenleidinge ter Nederduitsche dichtkunste
=648  \0$a17th Century (1601-1700)$1http://www.wikidata.org/entity/Q7016$920923
=650  \0$aPoetry$1http://www.wikidata.org/entity/Q482$93026
=651  \0$aNetherlands$1http://www.wikidata.org/entity/Q55$9173
=653  \0$a??$3tp, titelprent$020137931$w11A05$928331
=653  \0$aBaerle, C. v.$3188, 211, 214, 466, 472, 477, 538$020137931$w11A05$929015
=653  \0$aBan, J.A.$3328$020137931$w11A05$929061
=653  \0$ablokfluit$3469$020137931$w11A05$929645
=653  \0$aboekdruk$3272$020137931$w11A05$929678
=653  \0$aBrederode$3472 (=482)$020137931$w11A05$929896
=653  \0$aCampen, v.$3261$020137931$w11A05$930162
=653  \0$aCats, J.$3172$020137931$w11A05$930312
=653  \0$aChristina van Zweden$3166-168, 181$020137931$w11A05$930460
=653  \0$aop de wijze van $344, 247?, 517, 520, 523, 526?, 530-532, 534, 536, 545, 549, 551-555, 574, 577, 578$020137931$w11A05$935398
=653  \0$aPadbrué, C.T.$3516$020137931$w11A05$935702
=653  \0$aDijck, v.$3184$020137931$w11A05$931078
=653  \0$aErasmus$362, 325$020137931$w11A05$931501
=653  \0$aSweelinck, J.P.$3190$020137931$w11A05$936692
=653  \0$aTesselschade$378-388, 517$020137931$w11A05$936873
=653  \0$aTitiaan$3309$020137931$w11A05$936955
=653  \0$atoneel$3500$020137931$w11A05$937011
=653  \0$aGroot, H. de$3172, 183, 201, 206, 244, 503, 505$020137931$w11A05$932424
=653  \0$aHooft, P.C.$363, 65, 185, 334-350, 404-410, 428-433, 478$020137931$w11A05$932893
=653  \0$aviool$3titelprent$020137931$w11A05$937605
=653  \0$aVisscher, Anna Roemer$3171-173$020137931$w11A05$937634
=653  \0$aHuygens, C.$3173, 226, 463, 477$020137931$w11A05$933032
=653  \0$aVondel, J. van den $3wb, portret a, 188, 237, 464, 473-476$020137931$w11A05$937735
=653  \0$aVossius, fam.$3187, 467, 480, 471 (=481)$020137931$w11A05$937781
=653  \0$aVossius, G.$3187, 467, 480, 471 (=481)$020137931$w11A05$937783
=653  \0$azangeres$3469, 517$020137931$w11A05$938089
=653  \0$alamento$3451-472 (=482)$020137931$w11A05$933868
=653  \0$aRubens$3486$020137931$w11A05$938616
=653  \0$aluit$346, 345$020137931$w11A05$934262
=653  \0$amuziek$3190, 328, 469, 516$020137931$w11A05$934990
=653  \\$aAnslo, G.$3191, 398$928711$020137931$w11A05
=653  \\$aAnslo, K.$3191, 398$928712$020137931$w11A05
=653  \\$aBloemaert, H.$3513$929644$020137931$w11A05
=653  \\$aCoster, G.$3188$930773$020137931$w11A05
=653  \\$aGoltius, H.$3326$932269$020137931$w11A05
=653  \\$aKeyser, H. de$3189$933394$020137931$w11A05
=653  \\$aMander, C. van $33-6$934416$020137931$w11A05
=653  \\$aMedici, Maria de$3127-135$934582$020137931$w11A05
=653  \\$aMostart, D.$3202-206, 275$934905$020137931$w11A05
=653  \\$aOldenbarnevelt, J. v.$3442, 443$935363$020137931$w11A05
=653  \\$aRaphael$3276$923122$020137931$w11A05
=653  \\$aRembrandt$3191$914481$020137931$w11A05
=653  \\$aRovenius, Ph.$3299$938601$020137931$w11A05
=653  \\$aSeegers, D.$3176$939039$020137931$w11A05
=653  \\$aSweelinck, D.$3190$936691$020137931$w11A05
=653  \\$aVeen, A. v.$3229$937365$020137931$w11A05
=653  \\$aVeronese, P.$3287$937454$020137931$w11A05
=942  \\$cBOO
=952  \\$00$10$2ddc$40$6KTS_1_000000000000000_C1_57_11A05$70$8RAR$93050$aORPH$bORPH$cKTS1_C1$d2020-07-08$eKoopman$i11A05$oKTS1 C1.57 11A05$p20137931$r2021-01-12 00:00:00$w2021-01-12$yBOO
=999  \\$d3050
=533  \\$aDigitized by iGuana, Spring 2025.

