=LDR  01294    a2200229   4500
=001  3051
=008  211208s1722\\\\\\\|||||\||||\00|\0\fre\d
=041  \\$afre
=100  \\$aVertot d'Aubœuf, René-Aubert$cAbbé$d1655-1735$4aut$1http://www.wikidata.org/entity/Q1529470$97329
=245  \\$aHistoire des révolutions de Suède
=260  \\$aAmsterdam$bRoger$c1722
=300  \\$a2 vols. ([xii]-144 + 171-[29] pages)$btitle-page in black & red ink
=500  \\$aInterestingly, the imprint mentions "au dépens d'Etienne Roger che qui l'on trouve un assortiment général de toute sorte de musique"
=500  \\$aa parallel printing from Paris is to be found on https://books.google.be/books?id=jisVAAAAQAAJ
=561  \\$aex libris Fitzwilliam (manusript)
=590  \\$aOù l'on voit les changemens qui sont arrivez dans ce Royaume  au sujet de la Religion & du Gouvernement
=648  \0$a18th Century (1701-1800)$1http://www.wikidata.org/entity/Q7015$920899
=650  \0$aHistory$1http://www.wikidata.org/entity/Q309$921403
=651  \0$aSweden$1http://www.wikidata.org/entity/Q34$9275
=942  \\$cBOO
=952  \\$00$10$2ddc$40$6KTS_1_000000000000000_C1_57_11A06$70$8RAR$93051$aORPH$bORPH$cKTS1_C1$d2020-07-08$eKoopman$i11A06$oKTS1 C1.57 11A06$p20137933$r2021-01-12 00:00:00$w2021-01-12$yBOO
=999  \\$d3051

