=LDR  01804aam a2200241   4500
=001  3054
=008  211209s1682\\\\\\\|||||\||||\00|\d\fre\d
=041  \\$afre
=100  \\$aQuinault, Philippe$d1635-1688$4aut$1http://www.wikidata.org/entity/Q379947$94911
=245  \\$aAtys. $bTragédie en musique, ornée d'entrées de ballet, de machines, & de changements de théâtre
=260  \\$aAmsterdam?$bElsevier?$c1682
=300  \\$a76 pages$b8x13 cm
=500  \\$asee also 16F12
=500  \\$aIn 1682, a number of libretti appeared with a particular armillary printer's mark. Carl B. Schmidt attributes the printer's mark to an anonymous Amsterdam printer/publisher. He bases this attribution on the use of similar armillary printers' marks by Amsterdam printers, in particular the Elzeviers. Between 1682 and 1684 at least twelve little works appeared under this printer's mark, which together provide a good overview of Jean-Baptiste Lully's most important composed works up to that time.
=504  \\$aC.B. Schmidt, The livrets of Jean-Baptiste Lully's Tragédies Lyriques. A catalogue raisonné, New York 1995, 559.
https://www.dbnl.org/tekst/_gul005200801_01/_gul005200801_01_0003.php
=534  \\$aPremiered in 1676 with music by Jean-Baptiste Lully
=590  \\$aRepresentée devant sa Majesté à Saint Germain en Laye le de Février 1673.  Suivant la Copie imprimée a Paris

=648  \0$a17th Century (1601-1700)$1http://www.wikidata.org/entity/Q7016$920923
=650  \0$aLibretto$1http://www.wikidata.org/entity/Q131084$94031
=650  \0$aOpera$1http://www.wikidata.org/entity/Q1344$92468
=942  \\$cBOO
=952  \\$00$10$2ddc$40$6KTS_1_000000000000000_C1_57_11A09$70$8RAR$93054$aORPH$bORPH$cKTS1_C1$d2020-07-08$eKoopman$oKTS1 C1.57 11A09$p20137935$r2021-01-12 00:00:00$w2021-01-12$yBOO
=999  \\$d3054

