=LDR  01180aam a2200241   4500
=001  3056
=008  231207s1682\\\\||||||||\||||\00|\d\fre\d
=041  \\$afre
=100  \\$aCorneille, Thomas$d1625-1709$4aut$1http://www.wikidata.org/entity/Q551787$94914
=245  \\$aPsyché.$bTragédie
=260  \\$aParis$bs.n.$c1682
=500  \\$aSee also 08I26
=534  \\$aPremiered in 1678 with music by Jean-Baptiste Lully
=590  \\$arepresentée par l'Académie royale de musique devant Sa Majesté le janvier 1674
=600  \0$aLully, Jean-Baptiste$d1632-1687$1http://www.wikidata.org/entity/Q1192$95867
=610  \0$aOpéra (Paris, France)$1http://www.wikidata.org/entity/Q283339$920898
=648  \0$a17th Century (1601-1700)$1http://www.wikidata.org/entity/Q7016$920923
=650  \0$aLibretto$1http://www.wikidata.org/entity/Q131084$94031
=650  \0$aOpera$1http://www.wikidata.org/entity/Q1344 $92468
=651  \0$aParis (France)$1http://www.wikidata.org/entity/Q90$9160
=942  \\$cBOO
=952  \\$00$10$2ddc$40$6KTS_1_000000000000000_C1_57_11A11$70$8RAR$93056$aORPH$bORPH$cKTS1_C1$d2020-07-08$eKoopman$oKTS1 C1.57 11A11$p20137937$r2021-01-12 00:00:00$w2021-01-12$yBOO
=999  \\$d3056

