=LDR  01952aam a2200277   4500
=001  3058
=008  211209s1682\\\\\\\|||||\||||\00|\d\fre\d
=041  \\$afre
=100  \\$aQuinault, Philippe$d1635-1688$4aut$1http://www.wikidata.org/entity/Q379947$94911
=245  \\$aAlceste, ou Le triomphe d'Alcide. $bTragédie
=260  \\$aAmsterdam?$bElsevier?$c1682
=300  \\$a67 pages$c8x13 cm
=500  \\$aPremiered in 1674 with music by Jean-Baptiste Lully
=500  \\$aIn 1682, a number of libretti appeared with a particular armillary printer's mark. Carl B. Schmidt attributes the printer's mark to an anonymous Amsterdam printer/publisher. He bases this attribution on the use of similar armillary printers' marks by Amsterdam printers, in particular the Elzeviers. Between 1682 and 1684 at least twelve little works appeared under this printer's mark, which together provide a good overview of Jean-Baptiste Lully's most important composed works up to that time.


=504  \\$aC.B. Schmidt, The livrets of Jean-Baptiste Lully's Tragédies Lyriques. A catalogue raisonné, New York 1995, 559.
=504  \\$ahttps://www.dbnl.org/tekst/_gul005200801_01/_gul005200801_01_0003.php
=590  \\$aRepresentée devant sa Majesté àFontainebleau le  Janvier 1675. Suivant la Copie imprimée a Paris


=610  \0$aOpéra (Paris, France)$1http://www.wikidata.org/entity/Q283339$920898
=648  \0$a17th Century (1601-1700)$1http://www.wikidata.org/entity/Q7016$920923
=650  \0$aLibretto$1http://www.wikidata.org/entity/Q131084$94031
=650  \0$aOpera$1http://www.wikidata.org/entity/Q1344$92468
=650  \0$aMythology$1http://www.wikidata.org/entity/Q9134$921600
=651  \0$aParis (France)$1http://www.wikidata.org/entity/Q90$9160
=942  \\$cBOO
=952  \\$00$10$2ddc$40$6KTS_1_000000000000000_C1_57_11A13$70$8RAR$93058$aORPH$bORPH$cKTS1_C1$d2020-07-08$eKoopman$oKTS1 C1.57 11A13$p20137939$r2021-01-12 00:00:00$w2021-01-12$yBOO
=999  \\$d3058

