=LDR  01845aam a2200277   4500
=001  3059
=005  20250923161050.0
=008  211209s1682\\\\||||||||\||||\00|\0\fre\d
=041  \\$afre
=100  \\$aCorneille, Thomas$d1625-1709$4aut$1http://www.wikidata.org/entity/Q551787$94914
=245  \\$aBellérophon. $bTragédie
=260  \\$aAmsterdam?$bElsevier?$c1682
=300  \\$a55-[5] pages$c8x13 cm
=500  \\$aSee also 09F13
=500  \\$aIn 1682, a number of libretti appeared with a particular armillary printer's mark. Carl B. Schmidt attributes the printer's mark to an anonymous Amsterdam printer/publisher. He bases this attribution on the use of similar armillary printers' marks by Amsterdam printers, in particular the Elzeviers. Between 1682 and 1684 at least twelve little works appeared under this printer's mark, which together provide a good overview of Jean-Baptiste Lully's most important composed works up to that time.
=504  \\$aC.B. Schmidt, The livrets of Jean-Baptiste Lully's Tragédies Lyriques. A catalogue raisonné, New York 1995, 559.
=504  \\$ahttps://www.dbnl.org/tekst/_gul005200801_01/_gul005200801_01_0003.php
=534  \\$aPremiered in 1679 with music by Jean-Baptiste Lully
=590  \\$areprésentée par l'Académie royale de musique. Representé devant sa Majesté le   Janvier 1679. Suivant la Copie imprimée a Paris
=648  \0$a17th Century (1601-1700)$1http://www.wikidata.org/entity/Q7016$920923
=650  \0$aLibretto$1http://www.wikidata.org/entity/Q131084$94031
=650  \0$aOpera$1http://www.wikidata.org/entity/Q1344$92468
=942  \\$cBOO
=952  \\$00$10$2ddc$40$6KTS_1_000000000000000_C1_57_11A14$70$8RAR$93059$aORPH$bORPH$cKTS1_C1$d2020-07-08$eKoopman$oKTS1 C1.57 11A14$p20137940$r2021-01-12 00:00:00$w2021-01-12$yBOO
=999  \\$d3059
=533  \\$aDigitized by iGuana, Spring 2025.

