=LDR  01177aam a2200253   4500
=001  3061
=008  211209s1685\\\\||||||||\||||\00|\0\fre\d
=041  \\$afre
=100  \\$aQuinault, Philippe$d1635-1688$4aut$1http://www.wikidata.org/entity/Q379947$94911
=245  \\$aCadmus et Hermione. $bTragédie en musique
=260  \\$aParis$aAntwerp$bvan Dunwaldt$c1685
=300  \\$a57 pages$c8x13 cm
=336  \\$aprinted
=500  \\$aPremiered in 1673 with music by Jean-Baptiste Lully
=500  \\$asee also 16D08, H2-132f and X2B06
=504  \\$ahttps://www.dbnl.org/tekst/_gul005200801_01/_gul005200801_01_0003.php
=590  \\$aRepresentée par l'Academie Royale de Musique


=648  \0$a17th Century (1601-1700)$1http://www.wikidata.org/entity/Q7016$920923
=650  \0$aLibretto$1http://www.wikidata.org/entity/Q131084$94031
=650  \0$aOpera$1http://www.wikidata.org/entity/Q1344$92468
=650  \0$aMythology$1http://www.wikidata.org/entity/Q9134$921600
=942  \\$cBOO
=952  \\$00$10$2ddc$40$6KTS_1_000000000000000_C1_57_11A15$70$8RAR$93061$aORPH$bORPH$cKTS1_C1$d2020-07-08$eKoopman$i11A15$oKTS1 C1.57 11A15$p20137941$r2021-01-12 00:00:00$w2021-01-12$yBOO
=999  \\$d3061

