=LDR  02272aam a2200433   4500
=001  3063
=005  20251031155351.0
=008  211213s1671\\\\\\\af|||\||||\00|\0\fre\d
=041  \\$afre
=100  \\$aPuget de La Serre, Jean$d1594-1665$4aut$1http://www.wikidata.org/entity/Q3174141$97331
=245  \\$aLe Bréviaire des courtisans
=250  \\$aNouvelle édition, reveuë, corrigée, & enrichie de plusieurs figures
=260  \\$aBrussels$bVleugart$c1671
=300  \\$a188-[1] pages$bengraved frontispiece, inserted plates with engravings$c12x7 cm
=500  \\$aJean Puget de La Serre (1594-1665) was a courtier to Marie de Medicis and Louis XIII, and a librarian to Gaston Duc d'Orléans
=500  \\$aIllustrations engraved by Cornelis Galle II (Flemish, Antwerp 1615–1678 Antwerp) after Nicolaas van der Horst (Flemish, Antwerp 1587/98–1646 Brussels)
=501  \\$aBound in with 'Le reveille matin des dames'
=534  \\$aOriginally published in 1631
=561  \\$aEx libris J v Dijck (manuscript)
=563  \\$aGilded edges 
=648  \0$a17th Century (1601-1700)$1http://www.wikidata.org/entity/Q7016$920923
=650  \0$aReligion$1http://www.wikidata.org/entity/Q9174$93062
=650  \0$aMoral education$1http://www.wikidata.org/entity/Q25457248$93171
=651  \0$aFrance$1http://www.wikidata.org/entity/Q142$9131
=653  \0$adansen $39, 37, 54$020137955$w11A16a$930929
=653  \0$adwarsfluit$330$020137955$w11A16a$931340
=653  \0$adynamiek $337$020137955$w11A16a$931347
=653  \0$agitaar$36$020137955$w11A16a$932207
=653  \0$atrompet$3114$020137955$w11A16a$937194
=653  \0$aharp$330$020137955$w11A16a$932582
=653  \0$aviool$330, 37$020137955$w11A16a$937605
=653  \0$akoor/orkestopstelling$36$020137955$w11A16a$933679
=653  \0$aluit$36, 15, 112$020137955$w11A16a$934262
=653  \0$aslagwerk$3114$020137955$w11A16a$939152
=653  \0$amuziek$36, 15, 17, 26, 49, 50, 79, 14, 115$020137955$w11A16a$934990
=856  \\$uhttps://books.google.be/books?id=cgFcAAAAQAAJ$3Google Books
=942  \\$cBOO
=952  \\$00$10$2ddc$40$6KTS_1_000000000000000_C1_57_11A16A$70$8RAR$93063$aORPH$bORPH$cKTS1_C1$d2020-07-08$eKoopman$i11A16a$oKTS1 C1.57 11A16a$p20137955a$r2021-01-12 00:00:00$w2021-01-12$yBOO
=999  \\$d3063

