=LDR  02032    a2200289   4500
=001  3067
=008  211213s1719\\\\\\\|||||\||||\00|\0\fre\d
=041  \\$afre
=100  \\$aDubos, Jean-Baptiste$d1670-1742$4aut$1http://www.wikidata.org/entity/Q432585$97334
=245  \\$aReflexions critiques sur la poésie et sur la peinture
=250  \\$a1st ed.
=260  \\$aParis$bMariette$c1719
=300  \\$a2 vols. ([viii]-692+[xii]-529-[2] pages)
=520  \\$aThe Réflexions critiques sur la poésie et sur la peinture is a work on the theory of art, the theory of literature and the theory of music by Jean-Baptiste Dubos, first published in 1719 and often republished since.
Taking Horace's hemistiche Ut pictura poesis as its epigraph, the Réflexions critiques sur la poésie et sur la peinture marked a turning point in aesthetic thought and was to exert a considerable influence on the development of theatrical art and music throughout the Enlightenment.
=561  \\$aex libris F.N.E. Droz Causidici Acad. Bisunt (plate)
=590  \\$aUt Pictura Poesis
=648  \0$a18th Century (1701-1800)$1http://www.wikidata.org/entity/Q7015$920899
=650  \0$aLiterature$1http://www.wikidata.org/entity/Q8242$94439
=650  \0$aMusic criticism$1http://www.wikidata.org/entity/Q11748889$921598
=650  \0$aArt criticism$1http://www.wikidata.org/entity/Q1143847$94637
=651  \0$aFrance$1http://www.wikidata.org/entity/Q142$9131
=856  \\$uhttps://gallica.bnf.fr/view3if/ga/ark:/12148/bpt6k62699556$3vol. 1 (IIIF)
=856  \\$uhttps://gallica.bnf.fr/view3if/ga/ark:/12148/bpt6k62795731$3vol. 2 (IIIF)
=942  \\$cBOO
=952  \\$00$10$2ddc$3vol.1$40$6KTS_1_000000000000000_C1_57_11A20$70$8RAR$93067$aORPH$bORPH$cKTS1_C1$d2020-07-08$eKoopman$i11A20$oKTS1 C1.57 11A20$p20137960$r2021-01-12 00:00:00$w2021-01-12$yBOO
=952  \\$00$10$2ddc$3vol.2$40$6KTS_1_000000000000000_C1_57_11A21$70$8RAR$921084$aORPH$bORPH$cKTS1_C1$d2020-07-08$eKoopman$i11A21$l0$oKTS1 C1.57 11A21$p20137961$r2021-12-13 00:00:00$w2021-01-12$yBOO
=999  \\$d3067

