=LDR  02716    a2200553   4500
=001  3071
=008  211213s1758\\\\\\\g||||\||||\00|\0\dut\d
=041  \\$adut
=059  \\$ahpd
=100  \\$aFrischmuth, Leonard$d1721-1764$4aut$94873
=245  \\$aGedagten over de beginselen en onderwijzingen des clavecimbaals
=260  \\$aAmsterdam$bOlofsen$c1758
=300  \\$a54-[1] pages$b7 plates with music examples
=500  \\$aCited in Koopman 1985, pages 75-77
=500  \\$adigitized by the Ghent University Library, December 2020
=648  \0$a18th Century (1701-1800)$1http://www.wikidata.org/entity/Q7015$920899
=650  \0$aMethod$1http://www.wikidata.org/entity/Q2250960$921402
=650  \0$aKeyboard music$1http://www.wikidata.org/entity/Q105715630$921412
=650  \0$aHarpsichord$1http://www.wikidata.org/entity/Q81982$92125
=651  \0$aAmsterdam (Netherlands)$1http://www.wikidata.org/entity/Q727$9135
=653  \0$aallemande$337, 52$020137967$w11A25$928608
=653  \0$aarpeggio$346$020137967$w11A25$928797
=653  \0$aboogjes$342, 43$020137967$w11A25$929771
=653  \0$acadens$349$020137967$w11A25$930106
=653  \0$acourante$337, 52$020137967$w11A25$930805
=653  \0$afermate$344, 45$020137967$w11A25$931664
=653  \0$astaccato$345$020137967$w11A25$936473
=653  \0$agiga$353$020137967$w11A25$932185
=653  \0$atrillers$331-41, 48$020137967$w11A25$937141
=653  \0$atriolen$343, 44$020137967$w11A25$937166
=653  \0$ahandhouding$316, 17$020137967$w11A25$932548
=653  \0$ainégal$352$020137967$w11A25$933072
=653  \0$arubato$341, 42$020137967$w11A25$938615
=653  \0$asarabande$352$020137967$w11A25$938753
=653  \0$amaataccentuatie$319, 20$020137967$w11A25$934324
=653  \0$amenuet$353$020137967$w11A25$934673
=653  \0$amordent$337-40$020137967$w11A25$934868
=653  \\$alombardisch$342$934194$020137967$w11A25
=653  \\$amaat stampen$320$934321$020137967$w11A25
=653  \\$aportato$345$936101$020137967$w11A25
=653  \\$avingerzetting_oude$316, 17, 31, 32, 39, tab. ii, tab. vi$937572$020137967$w11A25
=653  \\$avoorhouding$335-47, 40, 41$937742$020137967$w11A25
=653  \\$avoorhouding-oplossing$336, 37$937747$020137967$w11A25
=856  \\$uhttps://books.google.be/books?id=b-XS6Q0sVQgC$3Google Books
=856  \\$uhttps://www.musicologie.org/Biographies/f/m/1902022114.pdf$3
=856  \\$uhttps://drive.google.com/drive/folders/1hFwqX_XOJk-5OYrT-KSMF3hpIsuQHdnU$3Koopman Digital
=942  \\$cBOO
=952  \\$00$10$2ddc$40$6KTS_1_000000000000000_C1_57_11A25$70$8RAR$93071$aORPH$bORPH$cKTS1_C1$d2020-07-08$eKoopman$oKTS1 C1.57 11A25$p20137967$r2021-01-12 00:00:00$w2021-01-12$yBOO
=999  \\$d3071

