=LDR  01686aam a2200337   4500
=001  3075
=008  211213s1645\\\\\\\a||||\||||\00|\f\ger\d
=041  \\$ager$hfre
=100  \\$aScudéry, Madeleine de$d1607-1701$4aut$1http://www.wikidata.org/entity/Q237095$97338
=245  \\$aIbrahims, $boder Des durchleuchtigen Bassa und der beständigen Isabellen Wunder-Geschichte
=260  \\$aAmsterdam$bElsevier$c1645
=300  \\$a[iv]-666 pages$bengraved title page, illustrations
=500  \\$aAdapted into a theatrical play in 1643
=500  \\$aCollaboration between Madeleine Scudéry and her brother Georges
=534  \\$aIbrahim ou l'illustre Bassa $c1641
=563  \\$aBound in white vellum
=648  \0$a17th Century (1601-1700)$1http://www.wikidata.org/entity/Q7016$920923
=650  \0$aNovel$1http://www.wikidata.org/entity/Q8261$921629
=650  \0$aLiterature$1http://www.wikidata.org/entity/Q8242$94439
=653  \0$acister$3501$020137970$w11A30$930490
=653  \0$adirigent$3501?$020137970$w11A30$931092
=653  \0$atrompet$3501?$020137970$w11A30$937194
=653  \0$aschalmei$3501$020137970$w11A30$938803
=653  \0$aluit$3501$020137970$w11A30$934262
=700  \\$aScudéry, Georges de$d1601-1667$1http://www.wikidata.org/entity/Q772240$4aut$97339
=700  \\$4trl$aZesen von, Philipp$cFilip Zesien von Fürstenau$97330
=765  \\$aIbrahim ou l'illustre Bassa
=856  4\$uhttp://digitale.bibliothek.uni-halle.de/vd17/content/titleinfo/11957692
=942  \\$cBOO
=952  \\$00$10$2ddc$40$6KTS_1_000000000000000_C1_57_11A30$70$8RAR$93075$aORPH$bORPH$cKTS1_C1$d2020-07-08$eKoopman$oKTS1 C1.57 11A30$p20137970$r2021-01-12 00:00:00$w2021-01-12$yBOO
=999  \\$d3075

