=LDR  01651aam a2200325   4500
=001  3077
=008  211212s1727\\\\\\\g||||\||||\00|\p\dut\d
=041  \\$adut
=059  \\$av
=100  \\$aLodensteyn, Jodocus van$d1620-1677$4aut$1http://www.wikidata.org/entity/Q2487552$95497
=245  \\$aUytspanningen,$bbehelsende eenige stichtelyke liederen, en andere gedichten
=250  \\$a9th Rev. ed.
=260  \\$aAmsterdam$bVisscher$c1727
=300  \\$a[xvi]-464-[13] pages$bmusic examples, engraved title page
=500  \\$aContains manuscript notes in the back concerning the Lodensteyn Family, as well as a funny drawing of a person
=500  \\$asee H1-039, 04D08, 04D23, 06E02 and H3-073 for earlier later editions. 
=534  \\$aOriginally published in 1676
=561  \\$aEx libris Hs. Visscher (manuscript)
=563  \\$abound in white vellum
=590  \\$aVerdeeld in vier deelen. Met een aanhangsel. De negende druk verbetert en vermeerdert
=648  \0$a17th Century (1601-1700)$1http://www.wikidata.org/entity/Q7016$920923
=650  \0$aPoetry$1http://www.wikidata.org/entity/Q482$93026
=650  \0$aSong$1http://www.wikidata.org/entity/Q7366$94164
=650  \0$aPietism$1http://www.wikidata.org/entity/Q193664$923132
=650  \0$aSong$1http://www.wikidata.org/entity/Q7366$94164
=651  \0$aNetherlands$1http://www.wikidata.org/entity/Q55$9173
=856  \\$uhttps://books.google.be/books?id=IvdoAAAAcAAJ$3Google Books
=942  \\$cBOO
=952  \\$00$10$2ddc$40$6KTS_1_000000000000000_C1_57_11A32$70$8RAR$93077$aORPH$bORPH$cKTS1_C1$d2020-07-08$eKoopman$oKTS1 C1.57 11A32$p20137972$r2021-01-12 00:00:00$w2021-01-12$yBOO
=999  \\$d3077

