=LDR  03202    a2200589   4500
=001  3080
=008  230125s1768\\\\||||||||\||||\00|\0dfre\d
=041  \\$afre
=100  1\$aBertoux, Guillaume$d1723-1810$4aut$1http://www.wikidata.org/entity/Q55901179$97343
=245  \\$aAnecdotes françoises, depuis l'établissement de la monarchie jusqu'au règne de Louis XV
=250  \\$a2nd ed.
=260  \\$aParis$bVincent$c1768
=300  \\$aviii-664 pages$bleather bound, decorated back, marbled endpapers
=500  \\$aA history of the kingdom of France of the said period consisting of anecdotes and details about kings, queens, princes and state affairs. 
=504  \\$aWith an extensive index ("Table de Matieres les plus Interessantes").
=561  \\$aEx libris E. Pechade (manuscript on flyleaf)
Another name crossed out. 
=561  \\$aEx libris Vincent (bookplate stating: VINCENT demeure actuellement, Rue de Mathurins, Hotel de Clugny, 1771)
=648  \0$a18th Century (1701-1800)$1http://www.wikidata.org/entity/Q7015$920899
=650  \0$aHistory$1http://www.wikidata.org/entity/Q309$921403
=650  \0$aHistoriography$1http://www.wikidata.org/entity/Q50675$921801
=651  \0$aFrance$1http://www.wikidata.org/entity/Q142$9131
=653  \0$abibliotheek$3281, 287, 429, 612$020140104$w11B03$929548
=653  \0$aballet$3483, 549$020140104$w11B03$929047
=653  \0$aboekdrukkunst$3323, 324, 429, 430$020140104$w11B03$929685
=653  \0$aboekprijs$3287$020140104$w11B03$929701
=653  \0$aCallot, J.$3594$020140104$w11B03$930137
=653  \0$aopera$3607-609$020140104$w11B03$935411
=653  \0$aCorneille$3585, 586, 598, 599, 604$020140104$w11B03$930742
=653  \0$apassion$3233$020140104$w11B03$935794
=653  \0$adraailier$3588$020140104$w11B03$931190
=653  \0$aPerrin$3607$020140104$w11B03$935867
=653  \0$aRacine$3586$020140104$w11B03$936325
=653  \0$atoneel$3493, 580, 583-585, 601, 602$020140104$w11B03$937011
=653  \0$aVossius, I. $3429$020140104$w11B03$937786
=653  \0$aItaliaanse invloed in Frankrijk$3606, 607$020140104$w11B03$933147
=653  \0$akranten$3592$020140104$w11B03$933742
=653  \0$aRonsard$3487, 488$020140104$w11B03$938542
=653  \0$aLebègue$3663$020140104$w11B03$933966
=653  \0$aLully$3608$020140104$w11B03$934271
=653  \0$amise-en-scène$3607, 608$020140104$w11B03$939272
=653  \0$amuziek$3232, 483, 504, 515, 580, 588$020140104$w11B03$934990
=653  \\$aBartholomeusnacht$3484-486$929116$020140104$w11B03
=653  \\$aElisabeth I, Queen$3497, 498$931424$020140104$w11B03
=653  \\$aJeanne d'Arc$3315-326$923490$020140104$w11B03
=653  \\$akoningen van Frankrijk$31$933670$020140104$w11B03
=653  \\$aMolière$3586$95673$020140104$w11B03
=653  \\$arouw$3307-313$938600$020140104$w11B03
=653  \\$aTe Deum$3320$923511$020140104$w11B03
=856  \\$uhttps://numelyo.bm-lyon.fr/f_view/BML:BML_00GOO0100137001101935455/IMG00000007$3Numelyo
=942  \\$cBOO
=952  \\$00$10$2ddc$40$6KTS_1_000000000000000_C2_65_11B03$70$8RAR$93080$aORPH$bORPH$cKTS1_C2$d2020-07-08$eKoopman$l0$oKTS1 C2.65 11B03$p20140104$r2021-01-12 00:00:00$w2021-01-12$yBOO
=999  \\$d3080

