=LDR  02703aca a2200349   4500
=001  3081
=008  230125s1765\\\\|||a|l||\||||\00|\0\fre\d
=041  \\$afre
=059  \\$av
=100  \\$aMonnet, Jean$d1703-1785$4edt$1http://www.wikidata.org/entity/Q3173579$97344
=245  \\$aAnthologie Françoise, ou Chansons Choisies, $bDepuis le 13e Siècle jusqu'à présent$nvols. 1-3
=260  \\$aParis$bs.n.$c1765
=300  \\$a3 vols. ([vii]-64-318+317+320 pages)$bleather bound, decorated backs, marbled endpapers, red edges, vol.1 contains portrait + 2 full page engravings, vols. 2 and 3 engraved frontispieces
=500  \\$aPreface by Meusnier de Querlon entitled "Mémoire historique sur la chanson en général, et en particulier sur la chanson française"
=500  \\$aA collection of 150+113+125 songs dating from the 13th to the 18th century (with a focus on the later period) with notes about the poets and composers. 
=500  \\$aFrontispiece for volume 1 is a portrait of Monnet by Auguste de St. Aubin after a painting by Charles-Nicolas Cochin (fils). 
=500  \\$aThe two engravings in vol.1 and the fronstispieces of vols. 2 and 3 are by Noël le Mire after Gravelot.
=500  \\$aOf most songs the melody is given in music notation with the first verse. Vol. 3 also contains some songs with two or three parts, printed in score.
=648  \0$a18th Century (1701-1800)$1http://www.wikidata.org/entity/Q7015$920899
=650  \0$aSong$1http://www.wikidata.org/entity/Q7366$94164
=650  \0$aPoetry$1http://www.wikidata.org/entity/Q482$93026
=650  \0$aMusic history$1http://www.wikidata.org/entity/Q846047$921373
=651  \0$aFrance$1http://www.wikidata.org/entity/Q142$9131
=700  \\$4win$aMeusnier de Querlon, Anne-Gabriel$d1702-1780$1http://www.wikidata.org/entity/Q2850783$95925
=856  \\$uhttps://books.google.be/books?id=9e0FAAAAQAAJ$3vol. 1
=856  \\$uhttps://gallica.bnf.fr/view3if/ga/ark:/12148/bpt6k1073474q/f13$3vol. 2 IIIF
=856  \\$uhttps://gallica.bnf.fr/view3if/ga/ark:/12148/bpt6k1073476j/f13$3vol. 3 IIIF
=942  \\$cSCO
=952  \\$00$10$2ddc$3vol. 1$40$6KTS_1_000000000000000_C2_65_11B04_01$70$8RAR$93081$aORPH$bORPH$cKTS1_C2$d2020-07-08$eKoopman$l0$oKTS1 C2.65 11B04_01$p20140105$r2021-01-12 00:00:00$w2021-01-12$yBOO
=952  \\$00$10$2ddc$3vol. 2$40$6KTS_1_000000000000000_C2_65_11B04_02$70$8RAR$922383$aORPH$bORPH$cKTS1_C2$d2020-07-08$eKoopman$l0$oKTS1 C2.65 11B04_02$p20140106$r2023-01-25 00:00:00$w2021-01-12$yBOO
=952  \\$00$10$2ddc$3vol. 3$40$6KTS_1_000000000000000_C2_65_11B04_03$70$8RAR$922384$aORPH$bORPH$cKTS1_C2$d2020-07-08$eKoopman$l0$oKTS1 C2.65 11B04_03$p20140107$r2023-01-25 00:00:00$w2021-01-12$yBOO
=999  \\$d3081

