=LDR  01639aam a2200265   4500
=001  3082
=008  230125r18711862||||||||\||||\00|\0\dut\d
=041  \\$adut
=100  \\$aSchotel, Gilles Dionysius Jacobus$d1807-1892$4aut$97080
=245  \\$aGeschiedenis der Rederijkers in Nederland
=250  \\$a2nd ed.
=260  \\$aRotterdam$bDunk$c1871
=300  \\$a2 vols. in 1 ([viii]-300+[ii]-300 pages)
=500  \\$aGilles Schotel (1807-1892) worked as a pastor, but became better known for his keen interest in history, especially the seventeenth and eighteenth centuries. He wrote a large number of books, articles and biographies on historical events and persons and enjoyed making the knowledge he collected available to others. He had an extensive historical library and supplemented it with records from libraries and archives he visited.
=534  \\$aOriginally published in 1862-64$ohttps://www.dbnl.org/tekst/scho046gesc00_01/
=648  \0$a19th Century (1801-1900)$1http://www.wikidata.org/entity/Q6955$920935
=650  \0$aRhetoric$1http://www.wikidata.org/entity/Q81009$93894
=650  \0$aLiterature$1http://www.wikidata.org/entity/Q8242$94439
=650  \0$aHistory$1http://www.wikidata.org/entity/Q309$921403
=650  \0$aTheater history$1http://www.wikidata.org/entity/Q1061140$94607
=651  \0$aNetherlands$1http://www.wikidata.org/entity/Q55$9173
=856  4\$uhttps://books.google.nl/books?id=V0sQAQAAIAAJ
=942  \\$cBOO
=952  \\$00$10$2ddc$40$6KTS_1_000000000000000_C2_65_11B05$70$8RAR$93082$aORPH$bORPH$cKTS1_C2$d2020-07-08$eKoopman$l0$oKTS1 C2.65 11B05$p20140070$r2021-01-12 00:00:00$w2021-01-12$yBOO
=999  \\$d3082

