=LDR  02548aam a2200265   4500
=001  3084
=008  230125b\\\\\\\\||||||||\||||\00|\d\ger\d
=041  \\$ager
=100  \\$aSwieten, Gottfried van$d1733-1803$4lbt$1http://www.wikidata.org/entity/Q549419$97346
=240  \\$aHob.XXI:2
=245  \\$aDie Schöpfung
=260  \\$aAugsburg$bHueber
=300  \\$a16 pages$bdecorated paper cover
=500  \\$aGerman libretto to the oratorio by Joseph Haydn.
=500  \\$aDie Schöpfung was first performed in 1798, after which Haydn made some adjustments. The first official public performance took place in the Burgtheater in Vienna in March 1799 and was a great success. 
=500  \\$a"Der Text der Schöpfung hat eine lange Vorgeschichte. Die drei Quellen sind das Buch Genesis, das Buch der Psalmen und John Miltons Genesis-Epos Paradise Lost. Das Material wurde von einem ansonsten unbekannten Lidley (oder Linley) zu einem Oratorien-Libretto verarbeitet, der es ursprünglich für Händel gedacht haben soll. Händel jedenfalls setzte es nie in Musik um. Haydns Gastgeber in England, Johann Peter Salomon, gelangte in den Besitz einer Kopie von Lidleys Libretto und gab es an Haydn weiter. Als Haydn nach Wien zurückkehrte, händigte er es seinem Freund und Gönner Baron Gottfried van Swieten aus, der eine deutsche Übersetzung veranlasste sowie eine der Haydnschen Musik angepasste englische Rückübersetzung. Das Werk wurde 1800 zweisprachig veröffentlicht und wird auch heute noch in beiden Sprachen aufgeführt.
Van Swieten war offensichtlich des Englischen nicht vollständig mächtig, und die englische Version des Libretto hat Anlass zu Kritik und verschiedenen Versuchen der Verbesserung gegeben. Tatsächlich ist die Rückübersetzung so ungenügend, dass das Oratorium manchmal auch in englischsprachigen Ländern auf Deutsch aufgeführt wird."
https://de.wikipedia.org/wiki/Die_Sch%C3%B6pfung

=590  \\$aIn Musik gesetzt von Haydn
=648  \0$a18th Century (1701-1800)$1http://www.wikidata.org/entity/Q7015$920899
=650  \0$aLibretto$1http://www.wikidata.org/entity/Q131084$94031
=650  \0$aOratorio$1http://www.wikidata.org/entity/Q85477$91825
=700  \\$4cmp$aHaydn, Joseph$d1732-1809$1http://www.wikidata.org/entity/Q7349$94783
=856  \\$uhttps://www.loc.gov/item/2011564782/$3Library of Congress
=942  \\$cBOO
=952  \\$00$10$2ddc$40$6KTS_1_000000000000000_C2_65_11B07$70$8RAR$93084$aORPH$bORPH$cKTS1_C2$d2020-07-08$eKoopman$l0$oKTS1 C2.65 11B07$p20140103$r2021-01-12 00:00:00$w2021-01-12$yBOO
=999  \\$d3084

