=LDR  01216aam a2200217   4500
=001  3087
=008  230125s1822\\\\|||ac|||\||||\00|\0dfre\d
=041  \\$afre
=245  \\$aGalerie choisie d'hommes célèbres de tous les temps et toutes les nations
=260  \\$aAmsterdam$bPino$c1822
=300  \\$a[380] pages$b80 illustrated portraits inserted
=500  \\$aFirst volume of a series (which is not printed on the title page); collection of short biographies of men who were well known or seen as 'famous' in the early 19th century.
=500  \\$aPortraits engraved by a.o. Abraham Lion Zeelander,  Johannes Cornelis Zürcher , F. Zuliani, Vivien
=561  \\$aEx libris H. Guillard (plate); "mon coeur, mon bras a la patrie"
=648  \0$a19th Century (1801-1900)$1http://www.wikidata.org/entity/Q6955$920935
=650  \0$aBiography$1http://www.wikidata.org/entity/Q36279$91927
=650  \0$aBiography$1http://www.wikidata.org/entity/Q36279$91927
=651  \0$aEurope$1http://www.wikidata.org/entity/Q46$991
=942  \\$cBOO
=952  \\$00$10$2ddc$40$6KTS_1_000000000000000_C2_65_11B10$70$8RAR$93087$aORPH$bORPH$cKTS1_C2$d2020-07-08$eKoopman$l0$oKTS1 C2.65 11B10$p20140115$r2021-01-12 00:00:00$w2021-01-12$yBOO
=999  \\$d3087

