=LDR  06689aam a2201237   4500
=001  3093
=005  20251030164839.0
=008  230125s1747\\\\||||||||\cb||\00|\0\lat\d
=041  \\$alat
=100  \\$aVogt, Johann$d1695-1764$4aut$1http://www.wikidata.org/entity/Q1696487$97353
=245  \\$aCatalogus historico-criticus librorum rariorum
=260  \\$aHamburg$bHeroldus$c1747
=300  \\$a[xxxii]-735-[1] pages
=500  \\$aA historical-critical catalog of rare books
=500  \\$a18th-century manuscript notes (ink) in Kurrentschrift on front matter and throughout the book by previous owners; under the plate is written in Greek 'Hope to the Lord, 1759'
=561  \\$aEx libris C. Gottfried Koch (manuscript), unknown superlibros and unknown ex libris plate & manuscript
=590  \\$ajam curis tertiis recognitus et copiosa accessione ex symbolis et collatione bibliophilorum per germaniam doctissimorum adauctus
=648  \0$a18th Century (1701-1800)$1http://www.wikidata.org/entity/Q7015$920899
=650  \0$aCatalogue$1http://www.wikidata.org/entity/Q2352616$921484
=650  \0$aBook$1http://www.wikidata.org/entity/Q571$92285
=650  \0$aCollecting$1http://www.wikidata.org/entity/Q208165$92117
=651  \0$aHamburg (Germany)$1http://www.wikidata.org/entity/Q1055$921940
=653  \0$aalchemie$3430-434, 672$020140116$w11B15$928573
=653  \0$aAretino, P.$345-53, 285$020140116$w11B15$928763
=653  \0$aAugustinus$360, 61, 209-211, 291$020140116$w11B15$928871
=653  \0$aBach, C.P.E. $3681$020140116$w11B15$928903
=653  \0$aBach, J.A.$3696-700, Aaa5$020140116$w11B15$928914
=653  \0$aBach, J.Chr. $3681$020140116$w11B15$928920
=653  \0$aBeza, T.$388-90, 346$020140116$w11B15$929518
=653  \0$abibliotheek$3b5-b8, 19, 40, 43, 72, 125, 126, 179-181, 338, 620$020140116$w11B15$929548
=653  \0$aBijbel$390-124, 660-671, 720$020140116$w11B15$929565
=653  \0$aBirnbaum$3622, 625$020140116$w11B15$929586
=653  \0$aboekoplage $3b3, 712$020140116$w11B15$929700
=653  \0$aboekprijs$3b3, 18, 417, 601$020140116$w11B15$929701
=653  \0$acastraten$3271, 272$020140116$w11B15$930282
=653  \0$aOpitz, M.$3503$020140116$w11B15$935443
=653  \0$adansers$3632$020140116$w11B15$930932
=653  \0$aDürer, A.$3250, 251$020140116$w11B15$931324
=653  \0$apiëtisme$3365$020140116$w11B15$935972
=653  \0$aErasmus$3261, 263$020140116$w11B15$931501
=653  \0$aquodlibet$3565$020140116$w11B15$936317
=653  \0$aSpinoza$3639-641, 718$020140116$w11B15$936433
=653  \0$aTacitus, C.$3653$020140116$w11B15$936721
=653  \0$aGottsched, J. C.$3615, 620, 622, 623, 628, 651, 659, 689-691, 694, 698, 714, Aaa7$020140116$w11B15$932289
=653  \0$aGroot, H. de$3317, 355?? 401$020140116$w11B15$932424
=653  \0$aUffenbach$3b2, b5$020140116$w11B15$937268
=653  \0$aHarrer, G.$3705$020140116$w11B15$932590
=653  \0$aVan den Vos Reynaerde$3572$020140116$w11B15$937338
=653  \0$aVasari, G.$3702$020140116$w11B15$937356
=653  \0$aHomerus$3352$020140116$w11B15$932876
=653  \0$aVirgilius$3712$020140116$w11B15$937628
=653  \0$aWeiße, C.$3670-673$020140116$w11B15$937913
=653  \0$akabala$3295, 378, 718$020140116$w11B15$933279
=653  \0$aKircher, A.$3381, 382$020140116$w11B15$933414
=653  \0$akoffie$3632$020140116$w11B15$933661
=653  \0$aRevius, J.$3575$020140116$w11B15$938397
=653  \0$arozenkruisers$3431-434$020140116$w11B15$938613
=653  \0$aLeibnitz$3a4, 404$020140116$w11B15$933995
=653  \0$aLübeck$3109, 110, 375, 417$020140116$w11B15$934243
=653  \0$aLuther, M.$3421, 422$020140116$w11B15$934295
=653  \0$aMaffei, S.$3428$020140116$w11B15$934358
=653  \0$aMersenne, M. $3461$020140116$w11B15$934693
=653  \0$amuziek$3271, 272, 305, 310, 554, 557, 558$020140116$w11B15$934990
=653  \\$aAristoteles$353, 54, 302, 636$94906$020140116$w11B15
=653  \\$aBach, J.S. $3680, 681, 705, Aaa4$020140116$w11B15$928930
=653  \\$aBach, W.Fr.$3681$020140116$w11B15$928998
=653  \\$aBleau_atlas$357, 58$020140116$w11B15$929626
=653  \\$aBorn, J.$3666$020140116$w11B15$929793
=653  \\$aBörner$3630$020140116$w11B15$929794
=653  \\$aButtstedt$3607$020140116$w11B15$930078
=653  \\$aCocclaeus, J.$3203$020140116$w11B15$930564
=653  \\$aconcilie van Trente$3689, 690$020140116$w11B15$930664
=653  \\$aCoornhert, T.$3216$020140116$w11B15$930717
=653  \\$aDeyling, S.$3623, 655, Aaa6$020140116$w11B15$931044
=653  \\$aDoni, A.F.$3242$020140116$w11B15$931143
=653  \\$aErnesti, fam.$3602, 603, 615, 618, 619, 621, 623, 625, 626, 645, 698, Aaa6 + 7$020140116$w11B15$931512
=653  \\$aErnesti, J.H.$3602, 603, 615, 618, 619, 621, 623, 625, 626, 645, 698, Aaa6 + 7$020140116$w11B15$931521
=653  \\$afeesten_16e eeuw$3691, 692$020140116$w11B15$931639
=653  \\$aHomilius, J.H.$3644$020140116$w11B15$932879
=653  \\$ainkunabel$3b$020140116$w11B15$933080
=653  \\$aKrause$3630$020140116$w11B15$933746
=653  \\$aMachiavelli, N.$3422$020140116$w11B15$934339
=653  \\$aMaier, M.$3430-434$934367$020140116$w11B15
=653  \\$aMelanchton, Ph.$3451-456$020140116$w11B15$934625
=653  \\$aMensius, J.$3463, 464$020140116$w11B15$934661
=653  \\$aMortier, P.$3b5$020140116$w11B15$934899
=653  \\$aRoman de la Rose$3585$924047$020140116$w11B15
=653  \\$aSachs, Hans$3595, 596$921970$020140116$w11B15
=653  \\$aScaliger, J.C.$3606, 612$020140116$w11B15$938784
=653  \\$aschaken$3619$020140116$w11B15$938800
=653  \\$aSchedel, H.$3610$020140116$w11B15$938807
=653  \\$aSchurman, A.M. v.$3616$020140116$w11B15$938997
=653  \\$aSeyfert, J.C.$3628$020140116$w11B15$939082
=653  \\$aSouterliedekens$3558, 637, 638$020140116$w11B15$936387
=653  \\$aStaar$3674$020140116$w11B15$936469
=653  \\$astenografie$3690, 691$020140116$w11B15$936574
=653  \\$aTaylor, J.$3674$914354$020140116$w11B15
=653  \\$aTeller, R.$3599, 614, 616, 619, 620, 622 etc., 635-644, 708$020140116$w11B15$936802
=653  \\$aVulcanus, B.$3717$020140116$w11B15$937817
=653  \\$aWinckler, H.$3627$020140116$w11B15$937989
=653  \\$aWolle$3622$020140116$w11B15$938042
=653  \\$aWood, A.$3729, 730$020140116$w11B15$938048
=856  \\$uhttps://books.google.be/books?id=0TFBAAAAcAAJ&source=gbs_similarbooks$3Google Books
=942  \\$cBOO
=952  \\$00$10$2ddc$40$6KTS_1_000000000000000_C2_65_11B15$70$8RAR$93093$aORPH$bORPH$cKTS1_C2$d2020-07-08$eKoopman$l0$oKTS1 C2.65 11B15$p20140116$r2021-01-12 00:00:00$w2021-01-12$yBOO
=999  \\$d3093

