=LDR  01189aam a2200265   4500
=001  3095
=005  20250917091248.0
=008  230125s1725\\\\||||||||\||||\00|\d\ger\d
=041  \\$ager
=100  \\$aPicander$d1700-1764$4aut$1http://www.wikidata.org/entity/Q60613$97355
=245  \\$aDer Säuffer$bin einem Schau-Spiele vorgestellet
=260  \\$aBerlin$bs.n.$c1725
=300  \\$a78 pages
=501  \\$aBound in with Picander's 'Die Weiber-Probe' (1725) and 'Teutsche Schau-Spiele' (1726)
=563  \\$aModern binding
=648  \0$a18th Century (1701-1800)$1http://www.wikidata.org/entity/Q7015$920899
=650  \0$aPlay (theater)$1http://www.wikidata.org/entity/Q25379$921414
=650  \0$aComedy$1http://www.wikidata.org/entity/Q40831$921436
=651  \0$aGermany$1http://www.wikidata.org/entity/Q183$9155
=653  \0$adansen$37$020140110b$w11B17b$930928
=653  \\$aLießgen$36, 7$020140110b$w11B17b$934110
=773  \\$03097$tPicanders Teutsche Schau-Spiele$w3097
=942  \\$cBOO
=952  \\$00$10$2ddc$40$6KTS_1_000000000000000_C2_65_11B17B$70$8RAR$93095$aORPH$bORPH$cKTS1_C2$d2020-07-08$eKoopman$l0$oKTS1 C2.65 11B17b$p20140110b$r2021-01-12 00:00:00$w2021-01-12$yBOO
=999  \\$d3095

