=LDR  02434aam a2200481   4500
=001  3097
=005  20250917100617.0
=008  230125s1726\\\\||||||||\||||\00|\d\ger\d
=041  \\$ager
=100  \\$aPicander$d1700-1764$4aut$1http://www.wikidata.org/entity/Q60613$97355
=245  \\$aPicanders Teutsche Schau-Spiele
=250  \\$a1st ed.
=260  \\$aBerlin$bPicander$c1726
=300  \\$a[xviii]-111 pages
=500  \\$aThree plays by Picander in one volume. 
=501  \\$aBound in with Picander's 'Der Säuffer' (1725) and 'Die Weiber-Probe' (1725)
=561  \\$aEs libris A Jay (?) (manuscript)
=563  \\$aModern binding
=590  \\$aBestehend in dem academischen Schlendrian, Ertzt-Säuffer und der Weiber-Probe, zur Erbauung und Ergötzung des Gemüths entworffen
=648  \0$a18th Century (1701-1800)$1http://www.wikidata.org/entity/Q7015$920899
=650  \0$aPlay (theater)$1http://www.wikidata.org/entity/Q25379$921414
=651  \0$aGermany$1http://www.wikidata.org/entity/Q183$9155
=653  \0$ablokfluit$364$020140110$w11B17a$929645
=653  \0$aopera $3)o( 3$020140110$w11B17a$935412
=653  \0$aorgel$348, 49$020140110$w11B17a$935465
=653  \0$adansen $338$020140110$w11B17a$930929
=653  \0$atabak$35, 11-13, 23, 38, 41, 50, 56, 65, 78$020140110$w11B17a$936718
=653  \0$atremulant$348$020140110$w11B17a$937097
=653  \0$aviool$364$020140110$w11B17a$937605
=653  \0$akamertoon$349$020140110$w11B17a$933295
=653  \0$aklavichord_Duitsland 18e eeuw$336?$020140110$w11B17a$933573
=653  \0$akoffie$3Vorbericht )o(5, 5)7, 10, 11, 15, 25, 27, 30, 38, 53, 54$020140110$w11B17a$933661
=653  \0$amuziek$3)o(3, 36, 38, 48, 49, 63-67$020140110$w11B17a$934990
=653  \\$aaandelen$378, 79$020140110$w11B17a$928402
=653  \\$aBach, J.S._Caffeecantate$3Vorbericht )o(5, )o(6, 6, 7, 10$020140110$w11B17a$928946
=653  \\$aLießgen$36, 7, 11, 19$020140110$w11B17a$934110
=653  \\$aStaging$3tp$020140110$w11B17a$922118
=653  \\$aSchlendrian$3Vorbericht )o(5, )o(6$020140110$w11B17a$938879
=653  \\$aVega, Lope de$3Vorbericht )o(7$98045$020140110$w11B17a
=856  \\$uhttps://books.google.be/books?id=aFiXLKFfd7EC$3Google Books
=942  \\$cBOO
=952  \\$00$10$2ddc$40$6KTS_1_000000000000000_C2_65_11B17A$70$8RAR$93097$aORPH$bORPH$cKTS1_C2$d2020-07-08$eKoopman$l0$oKTS1 C2.65 11B17a$p20140110$r2021-01-12 00:00:00$w2021-01-12$yBOO
=999  \\$d3097

