=LDR  01568aam a2200265   4500
=001  3098
=008  230125s1825\\\\||||||||\||||\00|\0\ger\d
=041  \\$ager
=100  \\$aWille, Alexander$4aut$97356
=245  \\$aVollständiges Gebeth- und Tugendbuch
=250  \\$arev. ed.
=260  \\$aAugsburg$bVeith$bRieger$c1822
=300  \\$axvi-464 pages$bbound in dark red leather with gilt embossed decorations, engraved frontispiece and titlepage
=500  \\$aPrayerbook by a Jesuit author and editor
=500  \\$aTitlepage and frontispiece are engraved and printed on a different (better) kind of paper than the rest of the book (which is printed in a gothic letter)
=561  \\$aEx libris written in German Kurrent ms dated 12. Juli 1829
=590  \\$aoder kurze Lebensregeln und Uebungen, andächtig zu bethen, fromm zu leben, und selig zu sterben. Zum Nutzen aller Stände verfasst von P. Alexander Wille, aus der Gesellschaft Jesu. Neueste von P. Joseph Stark verbesserte und vermehrte Ausgabe. Mit Erlaubniss der Obern. 
=648  \0$a19th Century (1801-1900)$1http://www.wikidata.org/entity/Q6955$920935
=650  \0$aPrayer$1http://www.wikidata.org/entity/Q40953$921486
=650  \0$aDevotion$1http://www.wikidata.org/entity/Q33111788$925087
=651  \0$aGermany$1http://www.wikidata.org/entity/Q183$9155
=700  \\$4edt$925673$aStark, Joseph
=942  \\$cBOO
=952  \\$00$10$2ddc$40$6KTS_1_000000000000000_C2_65_11B18$70$8RAR$93098$aORPH$bORPH$cKTS1_C2$d2020-07-08$eKoopman$l0$oKTS1 C2.65 11B18$p20140109$r2021-01-12 00:00:00$w2021-01-12$yBOO
=999  \\$d3098

