=LDR  05732aam a2201177   4500
=001  3100
=008  230126s1835\\\\||||||||\||||\00|\0\ger\d
=041  \\$ager
=100  \\$aFischhof, Joseph$d1804-1857$4aut$1http://www.wikidata.org/entity/Q87673$97357
=245  \\$aDie Heroen der Tonkunst in der Autographen-Sammlung des Herrn Aloys Fuchs in Wien
=260  \\$aVienna$bPietznigg$c1835
=300  \\$a27 pages
=490  \\$aMittheilungen aus Wien, Monatschrift$vJg. 1835, Heft 1
=500  \\$aOffprint from 'Mittheilungen aus Wien, Monatschrift', January 1835
=500  \\$a of Aloys Fuchs
=561  \\$aEx libris Aloys Fuchs, whose annotations are inside and writing is on the cover
=600  \0$aFuchs, Aloys$d1799-1853$1http://www.wikidata.org/entity/Q2650628$925006
=648  \0$a19th Century (1801-1900)$1http://www.wikidata.org/entity/Q6955$920935
=650  \0$aBibliography$1http://www.wikidata.org/entity/Q134995$93965
=650  \0$aManuscript$1http://www.wikidata.org/entity/Q87167$92275
=650  \0$aComposer$1http://www.wikidata.org/entity/Q36834$93625
=650  \0$aCollecting$1http://www.wikidata.org/entity/Q208165$92117
=651  \0$aVienna (Austria)$1http://www.wikidata.org/entity/Q1741$920937
=653  \0$aAgricola, J.Fr.$315$020140122$w11B20$928535
=653  \0$aBach, C.P.E. $315$020140122$w11B20$928903
=653  \0$aBach, J.Chr. $315$020140122$w11B20$928920
=653  \0$aBach, J.Chr.Fr.$315$020140122$w11B20$928922
=653  \0$aBach, J.S._na dood$314, 15$020140122$w11B20$928973
=653  \0$aBach, W.Fr.$315$020140122$w11B20$928998
=653  \0$aBlow, J.$324$020140122$w11B20$929650
=653  \0$aboekprijs$32, 11$020140122$w11B20$929701
=653  \0$aBeethoven, L. v. $318$020140122$w11B20$929358
=653  \0$aBenda, G.$316$020140122$w11B20$929413
=653  \0$aBurney, C.$322$020140122$w11B20$930058
=653  \0$aCaldara$316$020140122$w11B20$930129
=653  \0$acello $320, 26$020140122$w11B20$930345
=653  \0$aNardini, P.$320$020140122$w11B20$935148
=653  \0$aNaumann$316$020140122$w11B20$935158
=653  \0$aPaisiello$322$020140122$w11B20$935717
=653  \0$aDittersdorf$316$020140122$w11B20$931118
=653  \0$aDoles$316$020140122$w11B20$931134
=653  \0$aPergolesi$321$020140122$w11B20$935854
=653  \0$aDurante, F.$321$020140122$w11B20$931320
=653  \0$aPiccini, N.$321$020140122$w11B20$935959
=653  \0$aPorpora, N.$321$020140122$w11B20$936085
=653  \0$aFarinelli$323$020140122$w11B20$931610
=653  \0$aFasch, C.$316$020140122$w11B20$931620
=653  \0$aForkel$318$020140122$w11B20$931820
=653  \0$aStölzel$315$020140122$w11B20$936601
=653  \0$aFux$316$020140122$w11B20$931954
=653  \0$aGaluppi, B.$321$020140122$w11B20$931993
=653  \0$aTelemann$315$020140122$w11B20$936789
=653  \0$aGlück$317$020140122$w11B20$932236
=653  \0$aGraun$315$020140122$w11B20$932339
=653  \0$aHändel, G.F.$323, 24$020140122$w11B20$932536
=653  \0$aHasse, A.$315$020140122$w11B20$932605
=653  \0$aHauser$312$020140122$w11B20$932621
=653  \0$aHaydn, J. $317$020140122$w11B20$932640
=653  \0$aHaydn, M.$317$020140122$w11B20$932645
=653  \0$aHerbst, A.$314$020140122$w11B20$932719
=653  \0$aHolzbauer$316$020140122$w11B20$932870
=653  \0$aHomilius$316$020140122$w11B20$932877
=653  \0$aVogler, Abbé$319$020140122$w11B20$937702
=653  \0$aWagenseil$316$020140122$w11B20$937831
=653  \0$aJomelli$322$020140122$w11B20$933231
=653  \0$awonderkind$324$020140122$w11B20$938047
=653  \0$aKirnberger$318$020140122$w11B20$933423
=653  \0$aKittel, J.C.$315$020140122$w11B20$933432
=653  \0$aZelter$319$020140122$w11B20$938126
=653  \0$aReichardt$318$020140122$w11B20$938335
=653  \0$aKraft$320$020140122$w11B20$933741
=653  \0$aRossini$322$020140122$w11B20$938572
=653  \0$aLatilla, G.$322$020140122$w11B20$933931
=653  \0$aSacchini$322$020140122$w11B20$938668
=653  \0$aSalieri $316$020140122$w11B20$938702
=653  \0$aScarlatti, A.$320$020140122$w11B20$938789
=653  \0$aLotti, A.$321$020140122$w11B20$934227
=653  \0$aMarpurg$318$020140122$w11B20$934481
=653  \0$aMartini, Padre$322$020140122$w11B20$934501
=653  \0$aMattheson$318$020140122$w11B20$934534
=653  \0$aMendelssohn, F.$312, 19$020140122$w11B20$934651
=653  \0$aMozart, W.A.$317, 24$020140122$w11B20$934927
=653  \\$aAmalia van Pruisen$325$020140122$w11B20$928638
=653  \\$acorrecties door Fuchs?$39, 24-26$020140122$w11B20$930755
=653  \\$aErlebach$314$020140122$w11B20$931506
=653  \\$aFoggia, F.$321$020140122$w11B20$931792
=653  \\$aFuchs, A.$3wb$020140122$w11B20$931940
=653  \\$aGeist$314$020140122$w11B20$932087
=653  \\$aGerber$318$020140122$w11B20$932126
=653  \\$akeizer Leopold I$324$020140122$w11B20$933339
=653  \\$aKiesewetter$39, 10, 12$933399$020140122$w11B20
=653  \\$aMonn$314$020140122$w11B20$934822
=653  \\$aMüthel, J.G.$315$020140122$w11B20$934988
=653  \\$aPölchau, G.$312$020140122$w11B20$936053
=653  \\$aSantini$312$020140122$w11B20$938749
=700  \\$4edt$aPietznigg, Franz$d1803-1856$1http://www.wikidata.org/entity/Q61198154$925674
=700  \\$aFuchs, Aloys$d1799-1853$1http://www.wikidata.org/entity/Q2650628$4ann$925006
=856  \\$uhttps://www.deutsche-digitale-bibliothek.de/item/SAUQ3VHBJJTLH7QQ26GRBYTDH5EPHGJJ$3Deutsche Digitale Bibliothek
=942  \\$cBOO
=952  \\$00$10$2ddc$40$6KTS_1_000000000000000_C2_65_11B20$70$8RAR$93100$aORPH$bORPH$cKTS1_C2$d2020-07-08$eKoopman$l0$oKTS1 C2.65 11B20$p20140122$r2021-01-12 00:00:00$w2021-01-12$yBOO
=999  \\$d3100

