=LDR  01706    a2200265   4500
=001  3101
=008  221130s1759\\\\||||||||\||||\00|\0\lat\d
=041  \\$alat
=100  \\$aWerlhof, Paul Gottlieb$d1699-1767$4aut$1http://www.wikidata.org/entity/Q87025$97358
=245  \\$aTractatus varii, scilicet Cautiones medicæ, de variolis et anthracibus, acta media Edinburgensia
=260  \\$aVenice$bBasilium$c1759
=300  \\$a[viii]-188-188-54-[2] pages$bengraved title page, leather bound, embossed gilded spine, red edges
=500  \\$aThree miscellaneous treatises: Medical precautions - Various treatises on smallpox and anthrax - of the Edinburgh medical records
=500  \\$aPaul Gottlieb Werlhof (1699-1767) was 'königlicher Leibarzt' to the Hannover dynasty
=505  \\$gCautionum Medicarum -- Disquisitio medica et philologica de variolis et anthracibus -- Actorum medicorum Edinburgensium specimina duo de medicamento alterante ex mercurio & de aurigine
=648  \0$a18th Century (1701-1800)$1http://www.wikidata.org/entity/Q7015$920899
=650  \0$aMedicine$1http://www.wikidata.org/entity/Q11190$921959
=650  \0$aSmallpox$1http://www.wikidata.org/entity/Q12214$925410
=650  \0$aDisease$1http://www.wikidata.org/entity/Q12136$921777
=651  \0$aEdinburgh (United Kingdom)$1http://www.wikidata.org/entity/Q23436$925409
=653  \0$afondscatalogus_L. Basilium$355, 56$020140120$w11B21$931803
=856  \\$uhttps://books.google.be/books/ucm?vid=UCM5329215213$3Google Books
=942  \\$cBOO
=952  \\$00$10$2ddc$40$6KTS_1_000000000000000_C2_65_11B21$70$8RAR$93101$aORPH$bORPH$cKTS1_C2$d2020-07-08$eKoopman$l0$oKTS1 C2.65 11B21$p20140120$r2021-01-12 00:00:00$w2021-01-12$yBOO
=999  \\$d3101

