=LDR  02190aam a2200337   4500
=001  3102
=008  230126s1838\\\\||||||||\||||\00|\0deng\d
=041  \\$aeng
=100  \\$aHogarth, George$c1783-1870$4aut$1http://www.wikidata.org/entity/Q4776548$95818
=245  \\$aMusical History, Biography, and Criticism$nvols. 1-2/2
=246  \1$aHogarth's Musical History
=250  \\$a2nd ed.
=260  \\$aLondon$bParker$c1838
=300  \\$a2 vols. (315+[ii]-292-[viii] pages)$bblue decorated covers of the period
=500  \\$aOriginally published in 1835
=500  \\$asubtitle of the first edition: "being a general survey of music, from the earliest period to the present time"
=500  \\$aGeorge Hogarth was a Scottish lawyer, newspaper editor, and music critic (and the father-in-law of Charles Dickens). He published several books about music history.
=561  \\$aEx libris Rev. J.R. Lyon, Pulford (bookplate)
=561  \\$aThere is a letter enclosed in which these two volumes are given as a birthday present to 'Teddy' in september 1977, by 'Clare' who is a great granddaughter of the Reverend John R. Lyon from Pulford. 
=648  \0$a19th Century (1801-1900)$1http://www.wikidata.org/entity/Q6955$920935
=650  \0$aMusic history$1http://www.wikidata.org/entity/Q846047$921373
=650  \0$aMusic criticism$1http://www.wikidata.org/entity/Q11748889$921598
=650  \0$aHistoriography$1http://www.wikidata.org/entity/Q50675$921801
=650  \0$aBiography$1http://www.wikidata.org/entity/Q36279$91927
=651  \0$aUnited Kingdom$1http://www.wikidata.org/entity/Q21$9273
=856  \\$uhttps://books.google.pn/books?id=c1cEAAAAQAAJ&hl=nl&pg=PP9#v=onepage&q&f=false$3vol. 1
=856  \\$uhttps://books.google.be/books?id=iOVTw59fM5wC$3vol. 2
=942  \\$cBOO
=952  \\$00$10$2ddc$3vol. 1$40$6KTS_1_000000000000000_C2_65_11B22_01$70$8RAR$93102$aORPH$bORPH$cKTS1_C2$d2020-07-08$eKoopman$l0$oKTS1 C2.65 11B22_01$p20140123$r2021-01-12 00:00:00$w2021-01-12$yBOO
=952  \\$00$10$2ddc$3vol. 2$40$6KTS_1_000000000000000_C2_65_11B22_02$70$8RAR$922387$aORPH$bORPH$cKTS1_C2$d2020-07-08$eKoopman$l0$oKTS1 C2.65 11B22_02$p20140124$r2023-01-26 00:00:00$w2021-01-12$yBOO
=999  \\$d3102

