=LDR  04272    a2200613   4500
=001  3103
=008  221130s1699\\\\|||ai|||\||||\00|\0dita\d
=041  \\$aita
=245  \\$aCompendio universale istorico.$bDelle cose più memorabili occorse nel Mondo, Dal principio del' Anno 1600. nfin'al 1699, penultimo del Secolo spirante
=260  \\$aModena$bDegni$c1699
=300  \\$a[iv]-130-[25] pages$bContains 25 full page engravings of coats of arms
=500  \\$aList of illustrations on page iv, complete. 
=500  \\$aThere is a slightly different edition of this book listed in the Bibl. Naz. Centrale di Roma. The title has some deviations and there is also a different printer's emblem on the titlepage. The copy we have here could be an earlier version, and the Rome copy an improved edition. Year and publisher are the same.
=534  \\$aA similar but different edition$cModona, Degni 1699$ohttps://books.google.be/books?id=JB-L0yopuVMC&pg=PP3#v=onepage&q&f=false
=561  \\$aEx libris Gio. Batt.a Taccalani (?) (manuscript)
Another name of a previous owner has been deleted on the titlepage.
=590  \\$aIn cui succintamente si toccano le Battaglie seguite per mare, e per terra; Assedij, e prese di varie Piazze: Creatione, e morte de' Sommi Pontefici Romani e Cardinali di Santa Chiesa; Nascita, e morte de Prencipi Supremi, Trattati di Pace; & ogn'altro mondano accidente. 
Raccolto dalle Istorie de' Veridici Autori, Et abbellito coll'Armi de dodici Ponefici, che v'hanno regnato, e di molt: Prencipi, che dominano al presente. 
Consecrato All'Altezza Reverendissima del Sig. Prencipe Card. Fran.co Maria di Toscana
=648  \0$a17th Century (1601-1700)$1http://www.wikidata.org/entity/Q7016$920923
=650  \0$aHistory$1http://www.wikidata.org/entity/Q309$921403
=650  \0$aHistoriography$1http://www.wikidata.org/entity/Q50675$921801
=650  \0$aHeraldry$1http://www.wikidata.org/entity/Q18336$925679
=651  \0$aItaly$1http://www.wikidata.org/entity/Q38$922
=653  \0$aartikulatie$3142, 143$020140125$w11B23$928817
=653  \0$ablokfluit$3155?$020140125$w11B23$929645
=653  \0$amuziek in Oudheid$356-93, 102-197, 201$020140125$w11B23$935018
=653  \0$aChristina van Zweden$357, 58, 60$020140125$w11B23$930460
=653  \0$amuziektheorie in oudheid$3109-197$020140125$w11B23$935103
=653  \0$adansen $361-65$020140125$w11B23$930929
=653  \0$aOttoboni, P. $3107$020140125$w11B23$935649
=653  \0$apest$321, 60, 61, 71, 82$020140125$w11B23$935876
=653  \0$apsalterium$3161, 162$020140125$w11B23$936252
=653  \0$aFranse invloed in Engeland$355$020140125$w11B23$931879
=653  \0$aGuido van Arezzo$3144$020140125$w11B23$932474
=653  \0$aharmonie der sferen$356-77, 174-181$020140125$w11B23$932575
=653  \0$aVincentino, N.$3141$020140125$w11B23$937556
=653  \0$aVrede in Münster$352$020140125$w11B23$937794
=653  \0$aWillem III$388, 104, 105, 123$020140125$w11B23$937975
=653  \0$aRotterdam$371$020140125$w11B23$938588
=653  \0$amuziek$3e3, e4, 56, 57, 59-61, 65-77, 88, 89, 91-93, 102-107, 112-197, 201, 204-209, 487, 488$020140125$w11B23$934990
=653  \\$aCapella, M.$3156$020140125$w11B23$930219
=653  \\$aCharles I$353, 55, 97$98279$020140125$w11B23
=653  \\$aCharles II$353, 55, 97$921675$020140125$w11B23
=653  \\$acithara$3153, 159, 160-162$020140125$w11B23$930491
=653  \\$aGrote, Czaar Peter de$3127$020140125$w11B23$932436
=653  \\$aLeopold I$362, 126$922858$020140125$w11B23
=653  \\$aLouis XIV$335, 55, 130$99829$020140125$w11B23
=653  \\$alyra$3153, 154, 156-160, 162, 173$020140125$w11B23$934305
=653  \\$aplectrum$3160, 161$020140125$w11B23$936025
=653  \\$aTromp$338, 57$020140125$w11B23$937190
=653  \\$aVesuvius_uitbarsting$391$020140125$w11B23$937521
=653  \\$awapens van paus, prins$31, 3, 7, 13, 16, 25, 32, 38, 44, 53, 55, 59, 65, 74, 80, 82, 85, 87, 97, 101, 103, 107, 110, 121, 127$020140125$w11B23$937866
=856  \\$uhttp://id.sbn.it/bid/CFIE008107
=942  \\$cBOO
=952  \\$00$10$2ddc$40$6KTS_1_000000000000000_C2_65_11B23$70$8RAR$93103$aORPH$bORPH$cKTS1_C2$d2020-07-08$eKoopman$l0$oKTS1 C2.65 11B23$p20140125$r2021-01-12 00:00:00$w2021-01-12$yBOO
=999  \\$d3103

