=LDR  01530aam a2200265   4500
=001  3104
=008  230126s1615\\\\||||||||\||||\00|\0\lat\d
=041  \\$alat
=100  \\$aPuteanus, Erycius$d1574-1646$4aut$1http://www.wikidata.org/entity/Q2791618$97360
=245  \\$aAmœnitatum humanarum diatribæ XII, $bquæ partim philologiam, partim philosophiam spectant
=246  \1$aOn Human Attractions
=260  \\$aLeuven$bElsevier$aFrankfurt$bFlavius$c1615
=300  \\$a[xxx]-845 pages
=500  \\$aErik de Put (1574-1646) was a Dutch humanist who succeeded his teacher Lipsius in Leuven. He published over ninety books on various subjects, including a book on music theory and a catalogue of his extensive library. 
=561  \\$aFrom the collection of a Benedict monastery: 'In usum Monastey Benedict...' is written on the title page
=563  \\$aBound in vellum
=648  \0$a17th Century (1601-1700)$1http://www.wikidata.org/entity/Q7016$920923
=650  \0$aPhilosophy$1http://www.wikidata.org/entity/Q5891$92357
=650  \0$aMoral education$1http://www.wikidata.org/entity/Q25457248$93171
=650  \0$aRhetoric$1http://www.wikidata.org/entity/Q81009$93894
=651  \0$aLeuven (Belgium)$1http://www.wikidata.org/entity/Q118958$926817
=856  \\$uhttps://books.google.be/books?id=zbE8AAAAcAAJ$3Google Books
=942  \\$cBOO
=952  \\$00$10$2ddc$40$6KTS_1_000000000000000_C2_65_11B24$70$8RAR$93104$aORPH$bORPH$cKTS1_C2$d2020-07-08$eKoopman$l0$oKTS1 C2.65 11B24$p20140126$r2021-01-12 00:00:00$w2021-01-12$yBOO
=999  \\$d3104

