=LDR  02066    a2200313   4500
=001  3118
=008  240109s1751\\\\||||||||\||||\00|\0\ger\d
=041  \\$ager
=100  \\$aWagner, Friederich$4aut$97369
=245  \\$aStand-Rede bey feyerlicher Legung des Grund-Steins zur großen St. Michaelis Kirche 
=260  \\$aHamburg$bKönig$c1751
=300  \\$a[iii]-44-iii pages$bbound in [18th c.] colorful decorated paper, engraving on titlepage, three fold-out pages in the back
=500  \\$aThe first St. Michael's church in Hamburg was destroyed by fire in 1750, after the church tower was hit by lightning and collapsed burning into the church roof. This booklet remembers the foundation of the second church in 1751 (which was finished in 1762, Telemann wrote an oratorio for its inauguration). On the titlepage of this booklet we find a depiction of the rebuilding of the church.  
=561  \\$aEx libris Br.H. (stamp on titlepage, with booknumber 1438, both crossed out)
=590  \\$aam 29 Junii 1751 über Zachariä VIII. 2.3 gehalten von Friederich Wagner, Pastore zu St. Michaelis. Nebst einer kurzen historischen Nachricht
=648  \0$a18th Century (1701-1800)$1http://www.wikidata.org/entity/Q7015$920899
=650  \0$aArchitecture$1http://www.wikidata.org/entity/Q12271$93185
=650  \0$aChurch$1http://www.wikidata.org/entity/Q16970$93776
=650  \0$aRhetoric$1http://www.wikidata.org/entity/Q81009$93894
=651  \0$aHamburg (Germany)$1http://www.wikidata.org/entity/Q1055$921940
=653  \0$aNeumeister, E.$3Beylage B$020146161$w11C09$935211
=653  \0$aorgel in eredienst$312$020146161$w11C09$935479
=653  \0$atrompet$340, 41$020146161$w11C09$937194
=653  \0$ahoorn$340$020146161$w11C09$932928
=653  \0$aslagwerk$340, 41$020146161$w11C09$939152
=653  \\$aTielcke, fam.$3Beylage C$020146161$w11C09$936924
=942  \\$cBOO
=952  \\$00$10$2ddc$40$6KTS_1_000000000000000_C3_42_11C09$70$8RAR$93118$aORPH$bORPH$cKTS1_C3$d2020-07-08$eKoopman$l0$oKTS1 C3.42 11C09$p20146161$r2021-01-12 00:00:00$w2021-01-12$yBOO
=999  \\$d3118

