=LDR  08095aam a2201369   4500
=001  3123
=008  221026s1613\\\\|||ag|||\||||\00|\0\spa\d
=041  \\$aspa
=100  \\$aCerone, Pietro$d1566-1625$4aut$1http://www.wikidata.org/entity/Q1345131$97374
=245  \\$aEl melopeo y maestro:$btractado de musica theoretica y practica
=250  \\$a1st ed.
=260  \\$aNaples$bGargano$bNucci$c1613
=300  \\$a[xiv]-1160-[i] pages$bfold-outs
=500  \\$aPietro Cerone (1566–1625) was an Italian music theorist, singer and priest of the late Renaissance. His enormous treatise offers a summa of polyphonic compositional practices in the 16th century.
=500  \\$aOne of Koopman's favorite items in his collection (see Koopman 2016, 675: "Pietro Cerone's El melopeo y maestro, which was printed in Naples in 1613, in an edition of 1,500 books. Soon after publication, 1,200 of them were lost at sea as the ship that was transporting them to Spain perished.")
=500  \\$aOn top of title page one reads the motto: "QUID ULTRA QUAERIS?"
=563  \\$aLeather binding with coloured edges
=585  \\$aDisplayed as part of the 'Musica ex Machina' exhibition at EPFL Pavilions, Lausanne, 20 September 2024-29 June 2025
=590  \\$aen que se pone por extenso lo que uno para hazerse perfecto Musico ha menester saber: y por mayr facilidad, comodidad, y claridad del Lector, esta repartido en XXII. Libros. Van tan exemplificado e claro; que qualquiera de mediana habilidad, con poco trabajo, alcançara esta profession. 
=648  \0$a17th Century (1601-1700)$1http://www.wikidata.org/entity/Q7016$920923
=650  \0$aMusic theory$1http://www.wikidata.org/entity/Q193544$92662
=650  \0$aMethod$1http://www.wikidata.org/entity/Q2250960$921402
=650  \0$aComposing$1http://www.wikidata.org/entity/Q92186587$93076
=651  \0$aNaples (Italy)$1http://www.wikidata.org/entity/Q2634$921
=651  \0$aSpain$1http://www.wikidata.org/entity/Q29$920983
=653  \0$aa =$31064, 1065$020139746$w11C14$928388
=653  \0$aAaron, P.$3xiv, xv, 250, 305, 336$020139746$w11C14$928410
=653  \0$aadellijke componisten$3150$020139746$w11C14$928488
=653  \0$aademhalen$3504, 505$020139746$w11C14$928491
=653  \0$aAnerio, F.$3xvii, 89$020139746$w11C14$928694
=653  \0$aarcicembalo$31041$020139746$w11C14$928757
=653  \0$aarpicordo$31041, 1043$020139746$w11C14$928806
=653  \0$aArtusi, J.M.$3xv$020139746$w11C14$928831
=653  \0$ablokfluit$372? 1040, 1061, 1064$020139746$w11C14$929645
=653  \0$acanon$31075-1087, 1090 etc.$020139746$w11C14$930183
=653  \0$acanon in kruisvorm$31096, 1130$020139746$w11C14$930184
=653  \0$aCerone, P.$3wb, portret xx$020139746$w11C14$930372
=653  \0$amuziek = $3156, 204, 205$020139746$w11C14$934994
=653  \0$aObrecht$3529$020139746$w11C14$935318
=653  \0$aOckeghem$3xviii$020139746$w11C14$935321
=653  \0$aOrtiz, D.$3144$020139746$w11C14$935631
=653  \0$adiminuties$369, 541-564$020139746$w11C14$931087
=653  \0$adulciaan$31038, 1040, 1042, 1063, 1064$020139746$w11C14$931287
=653  \0$aemoties$369, 156$020139746$w11C14$931445
=653  \0$aPorta, C.$3xviii, 2, 89$020139746$w11C14$936097
=653  \0$apunt$3512, 513$020139746$w11C14$936269
=653  \0$aFesta, C.$3xviii, 90$020139746$w11C14$931691
=653  \0$aGabrieli, A.$3xviii, 90$020139746$w11C14$931960
=653  \0$aGaffurio, F.$3xv, 211, 294$020139746$w11C14$931965
=653  \0$agamba $31052, 1053, 1058, 1059, 1064$020139746$w11C14$931996
=653  \0$aGastoldi, G.$3xvii, 90$020139746$w11C14$932026
=653  \0$atekstuitspraak$370, 191$020139746$w11C14$936786
=653  \0$atemperatuur$37, 279-287, 1043-1060$020139746$w11C14$936807
=653  \0$atempo $369, 497-500, 537?$020139746$w11C14$936815
=653  \0$aGlareanus$31$020139746$w11C14$932215
=653  \0$aGombert, N.$389, 198$020139746$w11C14$932273
=653  \0$atransponeren$31064$020139746$w11C14$937072
=653  \0$agregoriaans$3258-481$020139746$w11C14$932368
=653  \0$aGuido van Arezzo$3268-277, 339, 484, 485$020139746$w11C14$932474
=653  \0$aGuidonische hand$31020$020139746$w11C14$932476
=653  \0$atrombone$31042, 1061, 1066$020139746$w11C14$937186
=653  \0$aharmonie der sferen$3221-226$020139746$w11C14$932575
=653  \0$aharp$31038, 1039, 1054, 1061$020139746$w11C14$932582
=653  \0$aVecchi, O. $3xviii, 89, 90, 304$020139746$w11C14$937363
=653  \0$aVicentino, N.$3xvi$020139746$w11C14$937535
=653  \0$aVictoria$3xvii, 2, 89$020139746$w11C14$937537
=653  \0$avihuela$31038-1040, 1042, 1043, 1058$020139746$w11C14$937547
=653  \0$aIngegniero, M.A.$3xviii, 2, 89, 138, 198$020139746$w11C14$933075
=653  \0$aIsaac, H.$3xviii$020139746$w11C14$933128
=653  \0$awaterorgel$345$020139746$w11C14$937876
=653  \0$aJosquin$389, 198, 1075$020139746$w11C14$933255
=653  \0$awijn$351-64$020139746$w11C14$937961
=653  \0$aWillaert, A.$3xvii, 89, 198, 216$020139746$w11C14$937973
=653  \0$akerktoonsoorten$3258-265, 289, 290, 351-364, 449-477$020139746$w11C14$933376
=653  \0$aZacconi$3xvi$020139746$w11C14$938068
=653  \0$aZarlino$3viii, ix etc., xvi, 250, 336$020139746$w11C14$938113
=653  \0$azink$31038, 1040, 1061, 1063, 1064$020139746$w11C14$938157
=653  \0$azuiverheid$369? 70$020139746$w11C14$938176
=653  \0$aklavecimbel_Italië 17e eeuw$31038, 1040-1043, 1061$020139746$w11C14$933494
=653  \0$aklavichord_Italië 17e eeuw$31040-1042, 1065$020139746$w11C14$933580
=653  \0$aregaal$31038, 1040-1043$020139746$w11C14$938302
=653  \0$aRore, C. de$3xvii, 89, 198, 216, 1075$020139746$w11C14$938549
=653  \0$aLasso, O. di $3xvii, 89, 90, 138$020139746$w11C14$933916
=653  \0$aluit$31038, 1039, 1043, 1055-1057$020139746$w11C14$934262
=653  \0$aLuzzaschi, L.$3xviii, 89, 90, 1041, 1066$020139746$w11C14$934303
=653  \0$aMacque, G. de $3xvii, 89$020139746$w11C14$934344
=653  \0$aMarenzio, L.$3xviii, 89, 309$020139746$w11C14$934462
=653  \0$aMerulo, C.$3xvii, 90$020139746$w11C14$934700
=653  \0$aMonte, Ph. de $3xvii, 89$020139746$w11C14$934843
=653  \0$amorales$3xvii, 1, 2, 89, 144, 216$020139746$w11C14$934864
=653  \\$aAntegnati$3xviii$020139746$w11C14$928714
=653  \\$aBermudo, J.$3xiii$020139746$w11C14$929449
=653  \\$aBuus, J.$3xviii$020139746$w11C14$930082
=653  \\$aCerreto, S.$3xv$020139746$w11C14$930374
=653  \\$aclaviorganum$31038, 1040, 1041, 1043$020139746$w11C14$930538
=653  \\$aCrecquillon, T.$3xvii, 89$910329$020139746$w11C14
=653  \\$adambordcanon$31129$020139746$w11C14$930916
=653  \\$aDentice, L.$3xv, 206$020139746$w11C14$931017
=653  \\$aGesualdo$3150$020139746$w11C14$932163
=653  \\$aGuerrero, F.$3xvii, 2, 89$020139746$w11C14$932469
=653  \\$ahexachordmutatie$3397-411, 486-495, 505, 514, 515, 534$020139746$w11C14$932764
=653  \\$alijfstraffen$376, 77$020139746$w11C14$934114
=653  \\$amaatsignaturen$3507-514, 537$020139746$w11C14$934327
=653  \\$aMouton, J.$3xvii, 89$020139746$w11C14$934919
=653  \\$aolifant$31107$020139746$w11C14$935371
=653  \\$aPalestrina$3xviii, 2, 90-92, 138, 180, 216, 309$020139746$w11C14$935723
=653  \\$aPetit Coclico, A.$3xii$020139746$w11C14$935889
=653  \\$aRue, P. de la$3xviii$020139746$w11C14$938626
=653  \\$aRuffo, V.$3viii, 89$020139746$w11C14$938631
=653  \\$aSalinas$3xiv, 87, 336$020139746$w11C14$938708
=653  \\$aSanta Maria$3xiv$020139746$w11C14$938742
=653  \\$aStriggio, A.$3xviii$020139746$w11C14$936632
=653  \\$aVaet, J. de$389$020139746$w11C14$937314
=856  \\$uhttps://imslp.org/wiki/El_melopeo_y_maestro_(Cerone%2C_Pietro)$3International Music Score Library Project
=942  \\$cBOO
=952  \\$00$10$2ddc$40$6KTS_1_000000000000000_C3_42_11C14$70$8RAR$93123$aORPH$bORPH$cKTS1_C3$d2020-07-08$eKoopman$g20000.00$l0$oKTS1 C3.42 11C14$p20139746$r2021-01-12 00:00:00$w2021-01-12$yBOO
=999  \\$d3123

