=LDR  02029acm a2200361   4500
=001  3124
=008  210415b\\\\\\\\\\\|||||\||||\00|\0\###\d
=041  \\$aeng
=059  \\$ahpd
=245  \\$aThe Fitzwilliam Virginal Book
=260  \\$aNew York$bBreitkopf & Härtel$c1949
=300  \\$a2 vols. (436+502 pages)
=336  \\$anotated music
=336  \\$aprinted
=561  \\$aEx libris Eta Harich-Schneider, 1961 (manuscript)
=648  \0$a16th Century (1501-1600)$1http://www.wikidata.org/entity/Q7017$920944
=648  \0$a17th Century (1601-1700)$1http://www.wikidata.org/entity/Q7016$920923
=650  \0$aInstrumental music$1http://www.wikidata.org/entity/Q639197$92106
=650  \0$aKeyboard music$1http://www.wikidata.org/entity/Q105715630$921412
=651  \0$aUnited Kingdom$1http://www.wikidata.org/entity/Q21$9273
=700  \\$4cmp$aBull, John$d1562-1628$1http://www.wikidata.org/entity/Q511463$97375
=700  \\$4cmp$aRichardson, Ferdinando$d1558-1618$1http://www.wikidata.org/entity/Q3068731$97376
=700  \\$4cmp$aFarnaby, Giles$dc. 1565-1640$1http://www.wikidata.org/entity/Q1343764$97377
=700  \\$4cmp$aMundy, John$d?-1630$1http://www.wikidata.org/entity/Q3809503$97378
=700  \\$4cmp$aPhilips, Peter$d1561-1628$1http://www.wikidata.org/entity/Q1930460$97379
=700  \\$4cmp$aMorley, Thomas$d1557-?1603$1http://www.wikidata.org/entity/Q438141$95578
=700  \\$4cmp$aByrd, William$d1539/40-1623$1http://www.wikidata.org/entity/Q208375$910065
=700  \\$4edt$aFuller Maitland, John Alexander$d1856-1936$1http://www.wikidata.org/entity/Q430943$918399
=700  \\$4edt$aBarclay Squire, William$917500
=942  \\$cSCO
=952  \\$00$10$2ddc$3vol. 1$40$6SCO_MISC_FITZ$70$8SCO$93124$aORPH$bORPH$cKTS1_H$d2020-07-08$eKoopman$i11C15_1$l0$oSCO MISC FITZ$p20135754$r2021-01-12 00:00:00$w2021-01-12$ySCO
=952  \\$00$10$2ddc$3vol. 2$40$6SCO_MISC_FITZ$70$8SCO$920052$aORPH$bORPH$cKTS1_H$d2020-07-08$eKoopman$i11C15_2$l0$oSCO MISC FITZ$p20135755$r2021-04-15 00:00:00$w2021-01-12$ySCO
=999  \\$d3124

