=LDR  04963aam a2200637   4500
=001  3125
=008  230222s1721\\\\|||ag|||\||||\00|\0\ger\d
=041  \\$ager
=100  \\$aMurschhauser, Franz Xaver$d1663-1738$4aut$1http://www.wikidata.org/entity/Q323113$97383
=245  \\$aAcademia musico-poetica bipartita.$bOder: Hohe Schul der musicalischen Composition
=250  \\$a1st ed.
=260  \\$aNuremberg$bEndters$c1721
=300  \\$a[xii]-186-[x] pages$bwoodcut vignettes, music examples$cfolio
=500  \\$aFranz Xaver Murschhauser lived and worked mainly in Munich, he studied with Johann Caspar Kerll. Murschauser published organ works and two music theory works, of which this is the second. The first is 'Fundamentalische kurz- und bequeme Handleitung sowohl zur Figural als Choral Music' (Munich, 1707). Both works are considered conservative and distinctly 'old-fashioned' in their treatment of the subject, and were strongly attacked by Johann Mattheson in his 'Critica musica'.
=500  \\$aThis is part one only, part two does not exist. 
=500  \\$aBook block has been home to 'bookworms', probably larvae of beetles. 
=500  \\$aThe last five pages are a list of printing errors, mainly in the music type. In this volume they have been corrected and then crossed out in the list. 
=500  \\$aAccording to the bookseller's note that is inserted in the volume (by Schneider, Tutzing?), this is a rare volume and an interesting example of musical type printing. 
=500  \\$aContains beautiful woodcut printer's vignets (with a duck or goose on the first and last page)
=504  \\$aContains an index
=561  \\$aA.H.W. ? (ms initials on titlepage) and in the bottom right corner also a hint of a purple stamp
=590  \\$aIn Zwey Theil eingetheilt. Per Definitiones, Divisiones, Regulas universales & particulares , Explicationes, Limitationes, & Objectionum Solutiones &c. Mit emsiger Untersuchung aller zu dieser hohen Wissenschafft dienlichen Materien, und Umständen, auch Vermeidung aller unnothwendigen Weitläuffigkeiten [et]c. Nach des Welt-berühmten Herrn Johann Caspar Kerlls, weiland gewesten Chur-Bayrischen Hof-Capell-Meisters, und anderer approbirten Classicorum Tradition getreulich, auch mit sonderbarem Fleiß beschrieben, und durchaus mit Exemplis wohl erläutert, in Druck hervor gegeben. 1, Erster Theil. Welcher handelt von denen Intervallis dann von denen Con- und Dissonantibus nachgehends von denen Tonis, oder Modis Musicis, sowohl Choralibus, als Figuratis, mit angehängten Transpositionibus
=648  \0$a18th Century (1701-1800)$1http://www.wikidata.org/entity/Q7015$920899
=650  \0$aMethod$1http://www.wikidata.org/entity/Q2250960$921402
=650  \0$aComposing$1http://www.wikidata.org/entity/Q92186587$93076
=650  \0$aMusic theory$1http://www.wikidata.org/entity/Q193544$92662
=650  \0$aMusic education$1http://www.wikidata.org/entity/Q27908$921766
=651  \0$aNuremberg (Germany)$1http://www.wikidata.org/entity/Q2090$921596
=651  \0$aMunich (Germany)$1http://www.wikidata.org/entity/Q1726$9268
=653  \0$aa =$3109$020146167$w11C16$928388
=653  \0$aalternatimpraxis$3108, 109, 122, 123$020146167$w11C16$928628
=653  \0$aCarissimi$3x$020146167$w11C16$930243
=653  \0$acomponeren$32$020146167$w11C16$930621
=653  \0$acomponeren a/h-klavier$32$020146167$w11C16$930623
=653  \0$acontrapunt$3wb, 183-186$020146167$w11C16$930699
=653  \0$aoud-nieuw$3vorrede$020146167$w11C16$935651
=653  \0$aPalestrina_na dood$3106$020146167$w11C16$935726
=653  \0$afalso bordoni$3110-121$020146167$w11C16$931600
=653  \0$asolmisatie$32-13, 19, 20, 124-141, 155$020146167$w11C16$936344
=653  \0$asub/semitoetsen$3181$020146167$w11C16$936666
=653  \0$atemperatuur$34-6, 181$020146167$w11C16$936807
=653  \0$atoonaardkarakteristiek$3182$020146167$w11C16$937025
=653  \0$atransponeren$3109, 112, 118, 129, 135-139, 141, 154-181$020146167$w11C16$937072
=653  \0$agregoriaans$3106$020146167$w11C16$932368
=653  \0$atritonus$34, 7, 8, 15, 20-22$020146167$w11C16$937178
=653  \0$akerktoonsoorten$3110-182$020146167$w11C16$933376
=653  \0$aKerll, J.K._portret$3x2?$020146167$w11C16$933383
=653  \0$aKircher, A. $31$020146167$w11C16$933415
=653  \0$aLasso, O. di $3106$020146167$w11C16$933916
=653  \0$amajeur einde in mineur stuk$328-30, 77, 78, 93, 154, 184, 185$020146167$w11C16$934384
=653  \\$adoel van de muziek$3dedicatio, vorrede$020146167$w11C16$931127
=856  \\$uhttps://www.digitale-sammlungen.de/en/view/bsb00002470?page=,1$3IIIF
=856  \\$uhttps://api.digitale-sammlungen.de/iiif/presentation/v2/bsb00002470/manifest$3IIIF manifest
=942  \\$cBOO
=952  \\$00$10$2ddc$40$6KTS_1_000000000000000_C3_42_11C16$70$8RAR$93125$aORPH$bORPH$cKTS1_C3$d2020-07-08$eKoopman$l0$oKTS1 C3.42 11C16$p20146167$r2021-01-12 00:00:00$w2021-01-12$yBOO
=999  \\$d3125

