=LDR  07520aam a2201129   4500
=001  3128
=005  20250918090457.0
=008  210416e1782\\\\\\\|||||\||||\00|\0\fre\d
=041  \\$afre
=059  \\$avn bc
=100  \\$aCorrette, Michel$d1707-1795$4aut$1http://www.wikidata.org/entity/Q982378$97384
=240  \\$aSymphony no. 77 in B-flat major, Hob.I:77; Symphony no. 76 in E-flat major, Hob.I:76; Symphony no. 78 in C minor, Hob.I:78
=245  \\$aL'Art de se perfectionner dans le Violon; 3 Symphonies d'Hayden oeuvre 34; Chaconne de l'union de l'amour et des arts
=260  \\$aParis$bCastagnery$b[Corrette]$c1782
=300  \\$a[3]- 90-[20] pages$bEngraved frontispiece, music
=500  \\$aContains in addition to the print one page of manuscript notes about Corrette in the front and twenty pages of added music notation on different paper and in two different hands to the back.
=500  \\$aAdded manuscript score contains violin parts for three Haydn Symphonies and for a Chaconne from Floquet's 'L'Union de l'amour et des arts', next to some anonymous exercises.

=500  \\$aGeneric title-page engraving by Duvall and Herisset representing a seated violin player at a table, and a poem "J'exerce dans ma solitude" underneath. The original imprint on the title-page ["L'Auteur”] was pasted over with the imprint of Castagnery
=500  \\$aBulk of the print contains music notation for V.P. (first violin) and V.S. (second violin) mainly by Italian by composers such as Vivaldi, Rasetti, Corelli, Geminiani, Locatelli, dell'Abaco, Albinoni, Veracini, Tartini and others. Music for violin and basso continuo from p. 59 onwards.
=500  \\$aA previous owner of the book, possibly Sauvageot, noted above the title page: "tout ce qui est de l'auteur dans cet ouvrage, esy d'une niaiserie parfaite" ("all that is of the author in this work, is of a perfect silliness")
=533  \\$aDigitized by iGuana, Spring 2022
=534  \\$aHaydn's symphonies are composed in 1782; Étienne-Joseph Floquet's ballet-héroique 'L'Union de l'amour et des arts' premiered in Paris, 1774
=561  \\$aEx libris Ch. Sauvageot "de l'Acad[ém]ie Roy[a]le de Musique" (plate with the motto "Dispersa coegi")
=590  \\$aOù l'on donne à étudier des Leçons sur toutes les positions des quatre cordes du Violon et les différens coups d'archet. Ces leçons où les doigts sont marqués dans les endroits difficiles, sont tirées des sonates et concerto des meilleurs auteurs italiens et allemand &c. avec des préludes sur chaque ton, des points d'orgues, des tours de forces, des menuets et caprices avec des variations et la basse. Cet ouvrage fait la suite de l'École d'Orphée méthode pour le Violon. Par Mr. Corrette Chevalier de l'ordre de Christe
=648  \0$a18th Century (1701-1800)$1http://www.wikidata.org/entity/Q7015$920899
=650  \0$aMethod$1http://www.wikidata.org/entity/Q2250960$921402
=650  \0$aViolin$1http://www.wikidata.org/entity/Q8355$92783
=650  \0$aSymphony$1http://www.wikidata.org/entity/Q9734$92527
=650  \0$aChaconne$1http://www.wikidata.org/entity/Q841238$92977
=650  \0$aFingering$1http://www.wikidata.org/entity/Q608487$921861
=651  \0$aFrance$1http://www.wikidata.org/entity/Q142$9131
=653  \0$aAlberti$312$020136264$w11C19$928559
=653  \0$aarpeggio$310-13, 15, 26, 33, 34?, 38, 43, 47$020136264$w11C19$928797
=653  \0$aartikulatie$34, 7, 10, 13-18, 20-23$020136264$w11C19$928817
=653  \0$aAubert$32$020136264$w11C19$928859
=653  \0$aboekprijs$3tp$020136264$w11C19$929701
=653  \0$acadens$35, 16-18, 34, 37, 42, 46, 58, 77$020136264$w11C19$930106
=653  \0$acapriccio$346$020136264$w11C19$930224
=653  \0$aCastrucci$316$020136264$w11C19$930291
=653  \0$amuziekhandel in mss.$31$020136264$w11C19$935078
=653  \0$anachtegaal (imitatie)$388, 89$020136264$w11C19$935127
=653  \0$anotatieproblemen$312, 14, 17, 23-25, 33, 42, 89, mss. Haydn VI sinf. 3$020136264$w11C19$935285
=653  \0$aCorelli, A.$319, 34$020136264$w11C19$930736
=653  \0$aDuitse invloed in Frankrijk$3tp$020136264$w11C19$931279
=653  \0$adynamiek$350$020136264$w11C19$931346
=653  \0$aechoeffekt$314-15$020136264$w11C19$931377
=653  \0$aFacco$324$020136264$w11C19$931582
=653  \0$afermate$35$020136264$w11C19$931664
=653  \0$aFerrari$324, 34$020136264$w11C19$931683
=653  \0$astreektechniek$31, 4, 90$020136264$w11C19$936623
=653  \0$aTartini, G.$31, 42-45$020136264$w11C19$936753
=653  \0$aGeminiani$325-26, 59$020136264$w11C19$932109
=653  \0$aTessarini$346, 78-81$020136264$w11C19$936870
=653  \0$agoût$34$020136264$w11C19$932303$aHändel, G.F.$362, 91$020136264$w11C19$932536
=653  \0$aVeracini$348$020136264$w11C19$937389
=653  \0$aviolino solo recitativo$3mss.$020136264$w11C19$937596
=653  \0$aviool vingerzetting$31, 2, 5-$020136264$w11C19$937606
=653  \0$aVivaldi, A.$347, 51-55$020136264$w11C19$937660
=653  \0$avrijheid in maat$35$020136264$w11C19$937806
=653  \0$aItaliaanse invloed in Frankrijk$3tp$020136264$w11C19$933147
=653  \0$aW. de Fesch$324$020136264$w11C19$937822
=653  \0$aKennis$384-87$020136264$w11C19$933357
=653  \0$aZiani$335, 71$020136264$w11C19$938136
=653  \0$akoekoek (imitatie)$388, 89$020136264$w11C19$933657
=653  \0$aRosetti$336-38$020136264$w11C19$938561
=653  \0$aLaurenti$327$020136264$w11C19$933935
=653  \0$aLeclair$31$020136264$w11C19$933971
=653  \0$alengte van port de voix$34$020136264$w11C19$934041
=653  \0$aLocatelli, P.$31, 3, 5, 28, 64$020136264$w11C19$934169
=653  \0$ascordatura$3mss.$020136264$w11C19$939028
=653  \0$amessa di voce$34, 5$020136264$w11C19$934702
=653  \0$amordent$34$020136264$w11C19$934868
=653  \\$abatterie$342, 43, 46, 49, 50, 58$020136264$w11C19$929219
=653  \\$aBaustetter$315$020136264$w11C19$929231
=653  \\$aBirckenstock$314$020136264$w11C19$929584
=653  \\$aChinzer$382$020136264$w11C19$930438
=653  \\$adel Giardino$320-22, 35, 72$020136264$w11C19$930989
=653  \\$aloterij$391$020136264$w11C19$934223
=653  \\$aMaurini$329, 34$020136264$w11C19$934557
=653  \\$aMeck$331$020136264$w11C19$934578
=653  \\$aMoissi$331$020136264$w11C19$934802
=653  \\$aNozeman$331, 74-77$020136264$w11C19$935296
=653  \\$aoktaveren$33, 21, 31, 34, 44$020136264$w11C19$935354
=653  \\$aOttoni$332, 33$020136264$w11C19$935650
=653  \\$aP. Conti$317$020136264$w11C19$935691
=653  \\$aSaccia$339$020136264$w11C19$938670
=653  \\$aSomis$340$020136264$w11C19$936355
=653  \\$atoevoegen vh etc.$34$020136264$w11C19$936994
=653  \\$aValentini$347$020136264$w11C19$937317
=653  \\$aZuccari$356, 58$020136264$w11C19$938174
=700  \\$4cmp$aHaydn, Joseph$d1732-1809$1http://www.wikidata.org/entity/Q7349$94783
=700  \\$4cmp$aFloquet, Étienne-Joseph$d1748-1785$1http://www.wikidata.org/entity/Q3592010$97957
=856  \\$uhttps://uv-v4.netlify.app/#?manifest=https://sharedcanvas.be/IIIF/manifests/15a5b5d4-497d-11ed-8eb8-e0e5cb27a0bb$3IIIF
=856  \\$uhttps://sharedcanvas.be/IIIF/manifests/15a5b5d4-497d-11ed-8eb8-e0e5cb27a0bb$3IIIF manifest
=942  \\$cBOO
=952  \\$00$10$2ddc$40$6KTS_1_000000000000000_C3_42_11C19$70$8RAR$93128$aORPH$bORPH$cKTS1_C3$d2020-07-08$eKoopman$g2000.00$oKTS1 C3.42 11C19$p20136264$r2021-01-12 00:00:00$w2021-01-12$yBOO
=999  \\$d3128

