=LDR  04556acm a2200301   4500
=001  3130
=005  20250926134853.0
=008  210818q18021806\\\||l||\||||\00|\0\ger\d
=041  \\$ager
=059  \\$aorg
=100  \\$aBach, Johann Sebastian$d1685-1750$4cmp$1http://www.wikidata.org/entity/Q1339$94766
=245  \\$aChoral-Vorspiele für die Orgel mit einem und zwey Klavieren und Pedal
=260  \\$aLeipzig$bBreitkopf & Härtel$c1802-6 [?]
=300  \\$a4 volumes in 1 (30-28-24-24 pages)$cfolio
=500  \\$aNot the first but an early edition.
=500  \\$aThe name 'M. Boëly' on the cover might refer to Alexandre Pierre-François Boëly (19 April 1785 – 27 December 1858), a French composer, organist, pianist, and violist. 
"Boëly regarded with distaste the music that was written and feted by many of his contemporaries. The most popular standards during the Napoleonic period were compositions that swelled with patriotism or operatic intensity. Entrenching his reactionary reputation, he used his appointment as organist at Saint Germain l'Auxerrois in 1840 to promote the works of deceased composers who were then only scantily appreciated by the public. These included Frescobaldi, Couperin and, most importantly of all, the supposedly impenetrable, unplayable Bach."[wikipedia]

But 'M. Boëly' might also refer to one of his four sisters, who seem to have been proficient musicians too. 
=505  \\$gVol. 1: [Choräle von verschiedener Art, BWV 645-650]. Wachet auf, ruft uns die Stimme ; Meine Seele erhebt den Herrn ; Wo soll ich fliehen hin etc., oder, Auf meinem lieben Gott ; Wer nur den lieben Gott lässt walten ; Ach bleib bey uns Herr Iesu Christ ; Kommst du nun Jesu vom Himmel herunter -- Allein Gott in der Höh sey Ehr [BWV 675] -- Allein Gott in der Höh say Ehr [BWV 676] -- Allein Gott in der Ḧoh sey Ehr [BWV 677] -- Wir gläuben all' an einen Gott [BWV 680] -- Wir gläuben all' an einen Gott [BWV 681] -- Lob sey dem allmächtigen Gott [BWV 704]$gVol. 2: Ach Gott und Herr [BWV 692/Anh. III 172] ; Ach Gott und Herr [BWV 693/Anh. III 172] / [Johann Gottfried Walther] -- Wer nur den lieben Gott lässt walten [BWV 691] -- Durch Adams Fall ist ganz [BWV 705] -- Schmücke dich, o liebe Seele [BWV 759/Anh. III 172] / [Gottfried August Homilius] -- Liebster Iesu wir sind hier [BWV 706] -- Allein Gott in der Höh sey Ehr [BWV 711] -- Allein Gott in der Höh sey Ehr [BWV 664] --^ Ich hab' mein' Sach' Gott heimgestellt [BWV 708a] -- Ich hab' mein' Sach' Gott heimgestellt [BWV 707] -- Wir Christenleut' [BWV 710] -- Gelobet seyst du, Jesu Christ [BWV 697] $gVol. 3: Dies sind die heil'gen zehn Gebot [BWV 678] -- Dies sind die heil'gen zehn Gebot [BWV 679] -- Vater unser im Himmelreich [BWV 682] -- Vater unser im Himmelreich [BWV 683] -- Von [i.e. Vom] Himmel hoch da komm' ich her : Canone all' ottava [BWV 769a, movement 1] -- Von [i.e. Vom] Himmel hoch da komm' ich her : Canone alla quinta [BWV 769a, movement 2] -- Von [i.e. Vom] Himmel hoch da komm' ich her [BWV 701] -- Herr Christ der ein'ge Gottes Sohn [BWV 698] $gVol. 4: Nun komm' der Heiden Heiland [BWV 699] -- Vom Himmel hoch da komm' ich her : Canto fermo in canone alla sesta e al rovescio [BWV 769a, movement 3] -- Vom Himmel hoch da komm' ich her : Canone alla settima [BWV 769a, movement 4] -- Vom Himmel hoch da komm' ich her : Canone con le figure di maggior valore, ô per aumentazione [BWV 769a, movement 5] --^ Von Himmel hoch da komm' ich her [BWV 700] -- Gott der Vater wohn' uns bey [BWV 748/Anh. III 172] / [Johann Gottfried Walther] -- Christ unser Herr zum Jordan kam [BWV 684] -- Das alte Jahr vergangen ist [BWV 614]
=561  \\$aEx libris M. Boëly (gilt lettering on front cover)
=563  \\$aRed leather binding with gilt lettering (M. Boëly) and decorations on spine, book block loose but in good condition
=648  \0$a18th Century (1701-1800)$1http://www.wikidata.org/entity/Q7015$920899
=648  \0$a19th Century (1801-1900)$1http://www.wikidata.org/entity/Q6955$920935
=650  \0$aOrgan music$1http://www.wikidata.org/entity/Q2003283$91951
=650  \0$aChorale prelude$1http://www.wikidata.org/entity/Q302987$926339
=650  \0$aOrgan music$1http://www.wikidata.org/entity/Q2003283$91951
=856  4\$uhttps://curiosity.lib.harvard.edu/digital-scores-and-libretti/catalog/37-990082608550203941
=942  \\$cSCO
=952  \\$00$10$2ddc$40$6KTS_1_000000000000000_C3_42_11C21$70$8RAR$93130$aORPH$bORPH$cKTS1_C3$d2020-07-08$eKoopman$l0$oKTS1 C3.42 11C21$p20146171$r2021-01-12 00:00:00$w2021-01-12$ySCO
=999  \\$d3130

