=LDR  01919    a2200361   4500
=001  3131
=005  20251003125332.0
=008  210419q1794\\\\\\\||l|||||||\00|\0\fre\d
=041  \\$afre$ager
=059  \\$ahpd/pf
=100  \\$aSteibelt, Daniel$d1765-1823$4cmp$96174
=245  \\$aBataille de Neerwinde arrangée pour clavecin ou piano forte
=260  \\$as.l.$c1794 or later
=300  \\$a14 pages
=500  \\$aManuscript copy after the edition by Simrock
=500  \\$aThe Battle of Neerwinden (Slag van Neerwinden) took place on 18 March 1793 between the Republican French army led by Charles François Dumouriez and a Coalition army commanded by Prince Josias of Saxe-Coburg-Saalfeld. 
=533  \\$aDigitized by iGuana, Spring 2022
=534  \\$cBonn: Simrock, 1794
=648  \0$a18th Century (1701-1800)$1http://www.wikidata.org/entity/Q7015$920899
=650  \0$aKeyboard music$1http://www.wikidata.org/entity/Q105715630$921412
=650  \0$aHarpsichord$1http://www.wikidata.org/entity/Q81982$92125
=650  \0$aPiano$1http://www.wikidata.org/entity/Q5994$92127
=650  \0$aMilitary history$1http://www.wikidata.org/entity/Q192781$93874
=653  \0$aartikulatie$31, 2, 5-7, 9, 11, 12$020136269$w11C22$928817
=653  \0$aboekprijs$3tp$020136269$w11C22$929701
=653  \0$anotatieproblemen$31$020136269$w11C22$935285
=653  \0$adynamiek$35, 7-10, 12$020136269$w11C22$931346
=653  \\$acluster$3voorwoord, 3-5, 7, 8$020136269$w11C22$930557
=856  \\$uhttps://uv-v4.netlify.app/#?manifest=https://sharedcanvas.be/IIIF/manifests/1ae01b09-4a58-11ed-b746-d0362ecc366e$3IIIF
=856  \\$uhttps://sharedcanvas.be/IIIF/manifests/1ae01b09-4a58-11ed-b746-d0362ecc366e$3IIIF manifest
=942  \\$cMS
=952  \\$00$10$2ddc$40$6KTS_1_000000000000000_C3_42_11C22$70$8RAR$93131$aORPH$bORPH$cKTS1_C3$d2020-07-08$eKoopman$oKTS1 C3.42 11C22$p20136269$r2021-01-12 00:00:00$w2021-01-12$yMS
=999  \\$d3131

