=LDR  02562    a2200313   4500
=001  3132
=008  240111s1758\\\\||||||||\||||\00|\0dlat\d
=041  \\$alat$dger
=100  \\$aWernsdorf, Johann Christian$d1723-1793$1http://www.wikidata.org/entity/Q1692984$4aut$926955
=245  \\$aSolemnes exsequias Magnifico Academieæ Iuliæ Carolinæ Vicerectori viro summe venerabili atque excellentissimno domino Christophoro Timotheo Seidelio
=260  \\$aHelmstedt$bs.n.$c1758
=300  \\$a2 vols in 1 (14-iv pages)$bin a simple later binding$cfolio
=500  \\$aSermon of the memorial service for Christoph Timotheus Seidel (1703-1758), Lutheran theologian and professor at the University of Helmstedt.
=500  \\$aBound after this is a libretto of the cantata that was performed on the same occasion: 
"Cantate, welche bei der dem Wolseligen Andenken des Weiland Magnifici Hochwürdigen und Hochgelahrten Herrn Christoph Timotheus Seidels [...] in der Universitäts Kirche den 3ten Jul. 1758 gehaltenen feierlichen Rede aufgeführet wurde von dem Collegio Musico besagter Hohen Schule. Helmstädt, Gedruckt mit Schnorrischen Schriften [1758]."
=590  \\$a[...] D.XXX. Maii pie placideque defuncto publica pompa peragendas ad D. III. Iulii A.C. [MD]CCLVIII simul orationem parentalem a Io. Christ. Wersdorfio eloq. et poes. prof. p.o. in templo academico habendam indicunt D. Franciscus Dominicus Haeberlin Academiae H.T. Vice-rector cum univero senatu acamemico. 
=600  \0$aSeidel, Christoph Timotheus$97385
=648  \0$a18th Century (1701-1800)$1http://www.wikidata.org/entity/Q7015$920899
=650  \0$aLibretto$1http://www.wikidata.org/entity/Q131084$94031
=650  \0$aRhetoric$1http://www.wikidata.org/entity/Q81009$93894
=650  \0$aFuneral music$1http://www.wikidata.org/entity/Q42190230$94426
=651  \0$aHelmstedt (Germany)$1http://www.wikidata.org/entity/Q486562$922909
=653  \0$acantatetekst$3xv-xviii$020146172$w11C23$930192
=653  \0$acollegium musicum$3xv$020146172$w11C23$930595
=700  \\$aHäberlin, Franz Dominicus$d1720-1787$1http://www.wikidata.org/entity/Q1446567$4ctb$926956
=856  \\$uhttp://www.deutsche-digitale-bibliothek.de/item/ZDTI5NGSY5WD7GQZSWVOH4JJYHEFHBQA$3Solemnes exsequias
=856  \\$uhttp://www.deutsche-digitale-bibliothek.de/item/AE3GMFJ36KRRHAKQRBQAWGF3V5AOMWGL$3Cantate
=942  \\$cBOO
=952  \\$00$10$2ddc$40$6KTS_1_000000000000000_C3_42_11C23$70$8RAR$93132$aORPH$bORPH$cKTS1_C3$d2020-07-08$eKoopman$l0$oKTS1 C3.42 11C23$p20146172$r2021-01-12 00:00:00$w2021-01-12$yBOO
=999  \\$d3132

