=LDR  01179aam a2200229   4500
=001  3136
=008  220914s1769\\\\||||||||\||||\00|\0\lat\d
=041  \\$alat
=245  \\$aPreces vocales ad usum quotidinianum clericorum regularium pauperum Matris Dei scholarum Piarum Provinciæ Bohemiæ ... Sancto Josephi Calasanctii
=260  \\$aNicolsburg$bNeumann$bHaselmann$c1769
=300  \\$a105-[5] pages
=500  \\$aNicolsburg or Nikolsburg was the German name for the Czech city of Mikulov, in South Moravia
=500  \\$aPrayers for daily use in schools
=563  \\$abrown leather binding
=648  \0$a18th Century (1701-1800)$1http://www.wikidata.org/entity/Q7015$920899
=650  \0$aPrayer$1http://www.wikidata.org/entity/Q40953$921486
=650  \0$aCatholicism$1http://www.wikidata.org/entity/Q1841$921631
=651  \0$aMoravia (Czech Republic)$1http://www.wikidata.org/entity/Q43266$921692
=856  \\$uhttps://books.google.be/books?id=HvJYAAAAcAAJ$3Google Books
=942  \\$cBOO
=952  \\$00$10$2ddc$40$6KTS_1_000000000000000_C2_66_11D04$70$8RAR$93136$aORPH$bORPH$cKTS1_C2$d2020-07-08$eKoopman$l0$oKTS1 C2.66 11D04$p20140113$r2021-01-12 00:00:00$w2021-01-12$yBOO
=999  \\$d3136

