=LDR  01841aam a2200289   4500
=001  3139
=005  20250923161050.0
=008  221110s1623\\\\|||g||||\||||\00|\0\eng\d
=041  \\$aeng
=245  \\$aThe Whole Booke of Psalms, with the Prose on the Margin
=260  \\$aLondon$bCompany of Stationers$c1623
=300  \\$a512-[15] pages
=500  \\$aThe front matter contains a handwritten prayer
=504  \\$aContains an index
=534  \\$aOriginally published in 1575
=561  \\$aEx libris Lady Skipwith, Newbold Hall (plate), James Jenr [?] Bristoll 1702 (ms.), Will Thomas (ms. signature)
=590  \\$aCollected into English Meeter by Thomas Sternhold, Iohn Hopkins, and others: conferred with the Hebrew, with apt notes to sing them withall. Set forth and allowed to be sung in all Churches, of all the people together, before and after Morning and Evening praier, and also before and after Sermons: and moreover in private houses, for their godly solace and comfort; laying apart all ungodly songs and ballads, which tend only to the nourishing of vice, and corrupting of youth
=648  \0$a17th Century (1601-1700)$1http://www.wikidata.org/entity/Q7016$920923
=650  \0$aProtestantism$1http://www.wikidata.org/entity/Q23540$921012
=650  \0$aPsalm$1http://www.wikidata.org/entity/Q12497663$92164
=651  \0$aUnited Kingdom$1http://www.wikidata.org/entity/Q21$9273
=700  \\$4edt$aSternhold, Thomas$d1500-1549$1http://www.wikidata.org/entity/Q2427466$97391
=700  1\$4edt$aHopkins, John$d1520/1-1570$1https://www.wikidata.org/entity/Q18671839$97390
=942  \\$cBOO
=952  \\$00$10$2ddc$40$6KTS_1_000000000000000_C2_66_11D07$70$8RAR$93139$aORPH$bORPH$cKTS1_C2$d2020-07-08$eKoopman$l0$oKTS1 C2.66 11D07$p20139729$r2021-01-12 00:00:00$w2021-01-12$yBOO
=999  \\$d3139
=533  \\$aDigitized by iGuana, Spring 2025.

