=LDR  01789aam a2200313   4500
=001  3143
=008  230102s1825\\\\||||||||\||||\00|\0\fre\d
=041  \\$afre
=245  \\$aDictionnaire théâtral,$bou Douze cent trente-trois Vérités sur les directeurs, régisseurs, acteurs, actrices et employés des divers théâtres; confidences sur les procédés de l'illusion; examen du vocabulaire dramatique; coup d'œil sur le matériel et le moral des spectacles, etc., etc., etc.
=250  \\$a2nd ed.
=260  \\$aParis$bBarba$c1825
=300  \\$a56-318 pages
=504  \\$aContains an index of articles
=534  \\$aOriginally published in 1824
=590  \\$aSeconde édition, avec un supplément
=648  \0$a19th Century (1801-1900)$1http://www.wikidata.org/entity/Q6955$920935
=650  \0$aTheater history$1http://www.wikidata.org/entity/Q1061140$94607
=650  \0$aStaging$1http://www.wikidata.org/entity/Q3508687$922118
=650  \0$aActor$1http://www.wikidata.org/entity/Q33999$93442
=650  \0$aTheater criticism$1http://www.wikidata.org/entity/Q2416230$921632
=650  \0$aSatire$1http://www.wikidata.org/entity/Q128758$921636
=651  \0$aParis (France)$1http://www.wikidata.org/entity/Q90$9160
=700  \\$4aut$aHarel, Charles Jean$d1790-1846$1http://www.wikidata.org/entity/Q2959450$97393
=700  \\$4aut$aAlhoy, Maurice$d1802-1856$1http://www.wikidata.org/entity/Q31200$97394
=700  \\$4aut$aJal, Auguste$d1795-1873$1http://www.wikidata.org/entity/Q2871240$97395
=856  \\$uhttps://gallica.bnf.fr/view3if/ga/ark:/12148/bpt6k619912$3IIIF
=942  \\$cBOO
=952  \\$00$10$2ddc$40$6KTS_1_000000000000000_C2_66_11D10$70$8RAR$93143$aORPH$bORPH$cKTS1_C2$d2020-07-08$eKoopman$l0$oKTS1 C2.66 11D10$p20139962$r2021-01-12 00:00:00$w2021-01-12$yBOO
=999  \\$d3143

