=LDR  05571aam a2200637   4500
=001  3144
=008  210816s1707\\\\||||||||\||||\00|\0\fre\d
=041  \\$afre
=100  \\$aGrimarest, Jean-Léonor Le Gallois de$d1659-1713$4aut$1http://www.wikidata.org/entity/Q9695$98559
=245  \\$aTraité du récitatif$bdans la lecture, dans l’action publique, dans la déclamation, et dans le chant
=250  \\$a1st ed.
=260  \\$aParis$bLe Fèvre$bRibou$c1707
=300  \\$a[xxii]-232-[6] pages
=500  \\$aDedicated to Louise Bénédicte de Bourbon, Duchess of Maine (1676-1753), who held a popular salon at the Hôtel du Maine and the Château de Sceaux, and to whom the author hopes to inspire the "gôut de l'action" (epître, p. [iv]). 
=500  \\$aGrimarest acknowledges in the preface that the this book owes to the biography of Molière (he authored in 1705, see H3-034 and 26D34): "Ce Livre doit sa naissance à la Critique que l'on a faite de la Vie de Molière ; dans laquelle on me reproche de la présomption sur ce que j'ai avancé touchant l'action du Theâtre. J'ai cru que je devois dans ma Réponce [sic] à cette Critique, faire connoître au Public que je n'ignorois pas tout-à-fait cette partie de la Rhetorique ..." (p. [ix])
=500  \\$aIn the eighth chapter, on singing, Grimarest expresses his annoyance with all those modal listeners who criticize the poets and musicians of the opera: "Laissez donc aux gens du métier, ou à ceux dont le goût est reconnu solide & délicat, à décider d'un ouvrage. Ce n'est point en récriminant que je parle ; je n'ai jamais travaillé pour le Théâtre ; mais je ne puis voir, sans un peu d'indignation, l'injustice que l'on fait souvent aux Poëtes, & aux Musiciens ; ils sont tous les jours à la merci du caprice, & des ignorans, & malheureusement, c'est le parti le plus nombreux, dont je ressentirai peut-être les coups à mon tour." (p. 195) 
=500  \\$aGrimarest extols the art of Lully, Destouches en de la Barre in making the length of rhythms correspond with the character of expression, (pp. 203-206), yet he also acknowledges Lully's faults (pp. 206-207). He dislikes the Italianate use of "roulades" on certain terms, as words alone cannot express a thought according to him (pp. 210-211).
=500  \\$aAlthough Grimarest did not work for the theater himself, theatrical plays used to be recited at his home, as the The Hague 1760 edition states: "C'étoit pour le [l'art de bien prononcer] cultiver que Mr. de Grimarest qui avoit du talent pour la déclamation, récitoit souvent chez lui des Pièces de Theatre avec des amis choisis & qui n'aimoient pas moins que lui cette agréable ocupation. ... c'est de cette pratique instructive que Mr. de Grimarest a tiré des preceptes decidés" (pp. x-xi) 
=561  \\$aEx libris Riboutet (Reboutet? ms.)
=590  \\$aAvec un traité des accens, de la quantité, & de la ponctuation
=600  \0$aLully, Jean-Baptiste$d1632-1687$1http://www.wikidata.org/entity/Q1192$95867
=648  \0$a18th Century (1701-1800)$1http://www.wikidata.org/entity/Q7015$920899
=650  \0$aDeclamation$1http://www.wikidata.org/entity/Q5249313$922018
=650  \0$aPronunciation$1http://www.wikidata.org/entity/Q184377$93632
=650  \0$aSinging$1http://www.wikidata.org/entity/Q27939$92767
=651  \0$aFrance$1http://www.wikidata.org/entity/Q142$9131
=653  \0$aademhalen$381$020137157$w11D11$928491
=653  \0$aadvokaat$3110-119$020137157$w11D11$928499
=653  \0$aafwisseling$375, 91, 107$020137157$w11D11$928514
=653  \0$amuziek (algemeen)$382, 193-$020137157$w11D11$934992
=653  \0$amuziekkritiek$3195$020137157$w11D11$935083
=653  \0$acomponeren$3198, 199, 201, 203, 204, 206-216, 218-220, 227$020137157$w11D11$930621
=653  \0$aCorneille$389, 130$020137157$w11D11$930742
=653  \0$ade la Barre$3205$020137157$w11D11$930967
=653  \0$aDestouches$3205$020137157$w11D11$931036
=653  \0$aparodie$3202$020137157$w11D11$935769
=653  \0$aemoties$3177, 183, 196-198, 206, 211, 216, 220, 227, 229$020137157$w11D11$931445
=653  \0$aRacine$389, 90, 130$020137157$w11D11$936325
=653  \0$aFrans-Italiaans$3211, 212$020137157$w11D11$931874
=653  \0$atekstaccent$31-25, 135-157, 160-175, 180, 218, 219$020137157$w11D11$936778
=653  \0$atekstuitspraak$31, 3, 26-43, 76-78, 84-86, 102, 103, 135-175, 180-183, 205, 208, 209, 217, 222, 224$020137157$w11D11$936786
=653  \0$agesticuleren etc.$3122, 183-190, 224$020137157$w11D11$932160
=653  \0$agoût$3231$020137157$w11D11$932303
=653  \0$avolume$3131, 151, 167, 221$020137157$w11D11$937724
=653  \0$arecitatief$3200$020137157$w11D11$938285
=653  \0$aLully$3203-205, 207, 208, 212, 218, 220, 221$020137157$w11D11$934271
=653  \\$ainterpretatie$389, 90, 133, 135-175, 177, 199, 222$020137157$w11D11$933100
=653  \\$ainterpunctie$344-73, 207$020137157$w11D11$933108
=653  \\$aklankkwaliteit$3216, 217$020137157$w11D11$933438
=653  \\$aMolière$3[ix], 90$95673$020137157$w11D11
=653  \\$amuziek lezen$382$020137157$w11D11$935021
=856  \\$uhttps://gallica.bnf.fr/view3if/ga/ark:/12148/bpt6k50664w$3Gallica
=856  \\$uhttps://drive.google.com/file/d/1ajXBvUS42arewXoDjGpAQaJ0w0nv7XHc/view?usp=sharing$3Preface to the The Hague 1760 edition
=942  \\$cBOO
=952  \\$00$10$2ddc$40$6KTS_1_000000000000000_C2_66_11D11$70$8RAR$93144$aORPH$bORPH$cKTS1_C2$d2020-07-08$eKoopman$g560.00$oKTS1 C2.66 11D11$p20137157$r2021-01-12 00:00:00$w2021-01-12$yBOO
=999  \\$d3144

