=LDR  03177    a2200397   4500
=001  3145
=008  230131i17321738|||cf|||\||||\00|\0\ger\d
=041  \\$ager
=245  \\$aDeutsche Acta Eruditorum, oder Geschichte der Gelehrten, Welche den gegenwärtigen Zustand der Literatur in Europa begreiffen$nvols. 1-6
=260  \\$aLeipzig$bGleditsch$c1732-38
=300  \\$a904-[24]-900-[28]-228-890-[22] pages
=500  \\$aThe journal Deutsche ACTA ERUDITORUM oder Geschichte der Gelehrten, welche den gegenwärtigen Zustand der Litteratur in Europa begreiffen, was a German-language influential literary journal of the 18th century.
=500  \\$aThe main focus of the journal was reviews of books; the articles were highly regarded by scholars of the time for their impartiality and good style. By 1739, the journal had published over 1500 reviews almost exclusively of scientific literature.
=500  \\$aContains vols. 171-192, 207-211, and 224-228, together with registers. The last part starts from page 153
=500  \\$aEvery volume has an engraved portrait as frontispiece
=561  \\$aEx libris Lavater (manuscript)
=648  \0$a18th Century (1701-1800)$1http://www.wikidata.org/entity/Q7015$920899
=650  \0$aLiterature$1http://www.wikidata.org/entity/Q8242$94439
=650  \0$aCuckoo$1http://www.wikidata.org/entity/Q18845$922474
=651  \0$aGermany$1http://www.wikidata.org/entity/Q183$9155
=653  \0$abibliotheek$3456 afb., 532 afb.$020140134$w11D12$929548
=653  \0$aNeumeister, E.$3301-303$020140134$w11D12$935211
=653  \\$aDeyling, S.$3456 afb.$020140134$w11D12$931044
=653  \\$aSieber, U.G.$3532 afb.$020140134$w11D12$939106
=700  \\$4edt$aWalch, Johann Georg$97397
=700  \\$4edt$aSchöttgen, Christian$97398
=700  1\$4edt$aJöcher, Christian Gottlieb$d1694-1758$1http://www.wikidata.org/entity/Q71577$925702
=856  4\$uhttps://catalog.hathitrust.org/Record/000529827
=942  \\$cPER
=952  \\$00$10$2ddc$3vol. 1$40$6KTS_1_000000000000000_C2_66_11D12_01$70$8RAR$93145$aORPH$bORPH$cKTS1_C2$d2020-07-08$eKoopman$l0$oKTS1 C2.66 11D12_01$p20140134$r2021-01-12 00:00:00$w2021-01-12$yBOO
=952  \\$00$10$2ddc$3vol. 2$40$6KTS_1_000000000000000_C2_66_11D12_02$70$8RAR$922394$aORPH$bORPH$cKTS1_C2$d2020-07-08$eKoopman$l0$oKTS1 C2.66 11D12_02$p20140135$r2023-01-31 00:00:00$w2021-01-12$yBOO
=952  \\$00$10$2ddc$3vol. 3$40$6KTS_1_000000000000000_C2_66_11D12_03$70$8RAR$922404$aORPH$bORPH$cKTS1_C2$d2020-07-08$eKoopman$l0$oKTS1 C2.66 11D12_03$p20140136$r2023-01-31 00:00:00$w2021-01-12$yBOO
=952  \\$00$10$2ddc$3vol. 4$40$6KTS_1_000000000000000_C2_66_11D12_04$70$8RAR$922405$aORPH$bORPH$cKTS1_C2$d2020-07-08$eKoopman$l0$oKTS1 C2.66 11D12_04$p2014137$r2023-01-31 00:00:00$w2021-01-12$yBOO
=952  \\$00$10$2ddc$3vol. 5$40$6KTS_1_000000000000000_C2_66_11D12_05$70$8RAR$922406$aORPH$bORPH$cKTS1_C2$d2020-07-08$eKoopman$l0$oKTS1 C2.66 11D12_05$p20140138$r2023-01-31 00:00:00$w2021-01-12$yBOO
=952  \\$00$10$2ddc$3vol. 6$40$6KTS_1_000000000000000_C2_66_11D12_06$70$8RAR$922407$aORPH$bORPH$cKTS1_C2$d2020-07-08$eKoopman$l0$oKTS1 C2.66 11D12_06$p20140139$r2023-01-31 00:00:00$w2021-01-12$yBOO
=999  \\$d3145

