=LDR  02933    a2200385   4500
=001  3146
=005  20250923161050.0
=008  230201s1772\\\\|||ca|||\||||\00|\p\ita\d
=041  \\$aita
=100  \\$aCroce, Giulio Cesare$d1550-1609$4aut$1http://www.wikidata.org/entity/Q2640854$95524
=245  \\$aBertoldo, Bertoldino e Cacasenno$bin ottava Rima
=260  \\$aVenice$bSavioli$c1772
=300  \\$bEngraved frontispiece and title page, illustrations$a[iv]-x-362 pages
=500  \\$aA collection of three very popular tales (Le sottilissime astutie di Bertoldo, Le piacevoli et ridicolose simplicità di Bertoldino and Novella di Cacasenno, figliuolo del semplice Bertoldino), the first two written by Giulio Cesare Croce and the last by Adriano Banchieri (under the pseudonym of Camillo Scaliggeri della Fratta), first published in 1620. The tales take up and rework ancient novellas, in particular the medieval 'Disputa di Salomone con Marcolfo'. 
=500  \\$aBased on this editition : Bertoldo, Bertoldino e Cacasenno, opera buffa by Vincenzo Legrenzio Ciampi to a libretto by Carlo Goldoni, premiered on 26 December 1748 at the Teatro San Moisè in Venice and entered the repertoire of the Académie royale de musique in Paris on 9 November 1753 under the title Bertoldo in corte
=500  \\$aGiulio Cesare Croce was an Italian writer, actor/producer of cantastoria and enigma writer. He had an enormous success with his story telling and was able to travel to fairs, markets, patrician houses, and the Italian courts. His presentations were complemented by a violin. His prolific literary production was contingent upon his own transcriptions of his shows. 
=500  \\$aPortrait engraving on the title page shows Dalla Croce with his violin
=500  \\$aillustrated; each of the 20 'Canti' is preceded by a woodcut
=500  \\$aBertoldo: Canto I-VI
Bertoldino: Canto VII-XIV
Cacasenno: Canto XV-XX
=534  \\$c1620
=648  \0$a17th Century (1601-1700)$1http://www.wikidata.org/entity/Q7016$920923
=648  \0$a18th Century (1701-1800)$1http://www.wikidata.org/entity/Q7015$920899
=650  \0$aPoetry$1http://www.wikidata.org/entity/Q482$93026
=650  \0$aNovel$1http://www.wikidata.org/entity/Q8261$921629
=650  \0$aSong$1http://www.wikidata.org/entity/Q7366$94164
=650  \0$aSatire$1http://www.wikidata.org/entity/Q128758$921636
=651  \0$aItaly$1http://www.wikidata.org/entity/Q38$922
=653  \0$a??$3iv$020140141$w11D13$928331
=653  \0$aviool$3tp$020140141$w11D13$937605
=653  \0$aluit$3iv$020140141$w11D13$934262
=700  \\$4aut$aBanchieri, Adriano$d1568-1634$1http://www.wikidata.org/entity/Q347804$95930
=942  \\$cBOO
=952  \\$00$10$2ddc$40$6KTS_1_000000000000000_C2_66_11D13$70$8RAR$93146$aORPH$bORPH$cKTS1_C2$d2020-07-08$eKoopman$l0$oKTS1 C2.66 11D13$p20140141$r2021-01-12 00:00:00$w2021-01-12$yBOO
=999  \\$d3146
=533  \\$aDigitized by iGuana, Spring 2025.

