=LDR  02924acm a2200553   4500
=001  3147
=008  220523s1731\\\\|||||l||\||||\00|\0\eng\d
=041  \\$aeng
=059  \\$av fl bc
=245  \\$aThe Musical Miscellany$nBeing a Collection of Choice Songs, and Lyrick Poems$pvol. 6
=260  \\$aLondon$bWatts$c1731
=300  \\$a[xvi]-208 pages$btitle page in red and black ink, frontispiece engraving, leather cover
=500  \\$alovely frontispiece engraving of a female harpist by Gerard van der Gucht (1696-1776) after John Vanderbank (1694-1739)
=561  \\$aEx libris Thom. Prith. hij Book (?) 1733 (manuscript)
=561  \\$aEx libris Percival F. Hinton (plate)
=590  \\$aWith the Basses to each Tune, and Transpos'd for the Flute By the most Eminent Masters
=648  \0$a18th Century (1701-1800)$1http://www.wikidata.org/entity/Q7015$920899
=648  \0$a17th Century (1601-1700)$1http://www.wikidata.org/entity/Q7016$920923
=650  \0$aSong$1http://www.wikidata.org/entity/Q7366$94164
=650  \0$aPoetry$1http://www.wikidata.org/entity/Q482$93026
=650  \0$aInstrumental music$1http://www.wikidata.org/entity/Q639197$92106
=651  \0$aUnited Kingdom$1http://www.wikidata.org/entity/Q21$9273
=700  \\$4cmp$aGalliard, John Ernest$d1687-1749$1http://www.wikidata.org/entity/Q278887$95157
=700  \\$4cmp$aPurcell, Henry$d1659-1695$1http://www.wikidata.org/entity/Q9695$95840
=700  \\$4cmp$aWhichello, Abiel$97400
=700  \\$4cmp$aSheeles, John$97402
=700  \\$4cmp$aMonro, George$d1680-1731$97404
=700  \\$4cmp$aPepusch, John Christopher$d1667-1752$1http://www.wikidata.org/entity/Q371825$94968
=700  \\$4cmp$aMoore, James$97406
=700  \\$4cmp$aFielding, Henry$d1707-1754$97407
=700  \\$4cmp$aMitchell$97408
=700  \\$4cmp$aHaym, Nicola Francesco$d1678-1729$1http://www.wikidata.org/entity/Q1986170$96138
=700  \\$4cmp$aLeveridge, Richard$97410
=700  \\$4cmp$aAldrich, Bedford$97412
=700  \\$4cmp$aRizzio, David$97403
=700  \\$4cmp$aTrevers, John$97415
=700  \\$4cmp$aHughes, John$d1677-1720$1http://www.wikidata.org/entity/Q6240316$97070
=700  \\$4cmp$aDieupart, Charles$d1667-1740$97405
=700  \\$4cmp$aBedingfield$97413
=700  \\$4cmp$aAnderson, John$97416
=700  \\$4aut$aGay, John$d1685-1732$1http://www.wikidata.org/entity/Q321660$96050
=700  \\$4cmp$aBaker$97417
=700  \\$4cmp$aGreene, Maurice$d1696-1755$1http://www.wikidata.org/entity/Q615819$96113
=700  \\$4cmp$aArnet, Geo$97419
=856  4\$uhttp://ks4.imslp.info/files/imglnks/usimg/9/91/IMSLP70040-PMLP140917-musical_miscellany_1731_vol6.pdf
=856  4\$uhttps://books.google.be/books?id=D3xcAAAAcAAJ
=942  \\$cSCO
=952  \\$00$10$2ddc$40$6KTS_1_000000000000000_C2_66_11D14$70$8RAR$93147$aORPH$bORPH$cKTS1_C2$d2020-07-08$eKoopman$oKTS1 C2.66 11D14$p20140142$r2021-01-12 00:00:00$w2021-01-12$ySCO
=999  \\$d3147

