=LDR  01673aam a2200289   4500
=001  3148
=005  20251001162312.0
=008  230201s1765\\\\||||||||\||||\00|\e\fre\d
=041  \\$afre
=100  \\$aChastellux, François Jean de$d1734-1788$4aut$1http://www.wikidata.org/entity/Q655181$97420
=245  \\$aEssai sur l'union de la poésie et de la musique
=250  \\$a1st ed.
=260  \\$aThe Hague; Paris$b[Merlin]$c1765
=300  \\$aiv-94 pages$bmarbled paper cover, uncut pages
=500  \\$ade Chastellux, general officer and man of letters elected to the French Academy in 1775, wrote this essay to make musicians aware of poetry and poets of music, by basing his demonstration on the qualities complementary to the libretto and composition specific to Italian opera.
=648  \0$a18th Century (1701-1800)$1http://www.wikidata.org/entity/Q7015$920899
=650  \0$aMusic criticism$1http://www.wikidata.org/entity/Q11748889$921598
=650  \0$aLiterature$1http://www.wikidata.org/entity/Q8242$94439
=650  \0$aPoetry$1http://www.wikidata.org/entity/Q482$93026
=650  \0$aOpera$1http://www.wikidata.org/entity/Q1344$92468
=650  \0$aMusic philosophy and aesthetics$1http://www.wikidata.org/entity/Q2092865$921165
=650  \0$aLibretto$1http://www.wikidata.org/entity/Q131084$94031
=856  \\$uhttps://gallica.bnf.fr/view3if/ga/ark:/12148/bpt6k108753d$3Gallica
=856  \\$uhttps://books.google.be/books?id=R20TAAAAQAAJ$3Google Books
=942  \\$cBOO
=952  \\$00$10$2ddc$40$6KTS_1_000000000000000_C2_66_11D15$70$8RAR$93148$aORPH$bORPH$cKTS1_C2$d2020-07-08$eKoopman$l0$oKTS1 C2.66 11D15$p20140143$r2021-01-12 00:00:00$w2021-01-12$yBOO
=999  \\$d3148

