=LDR  02582    a2200373   4500
=001  3149
=008  220121s1732\\\\\\\|||||\||||\00|\sdger\d
=041  \\$ager
=100  \\$aGottsched, Johann Christoph$d1700-1766$4aut$4win$1http://www.wikidata.org/entity/Q76442$910582
=245  \\$aDer deutschen Gesellschaft in Leipzig gesammlete Reden und Gedichte $bwelchen bey dem Eintritte und Abschiede ihrer Mitglieder Pflegen abgelesen zu werden.
=260  \\$aLeipzig$bBreitkopf$c1732
=300  \\$a[xl]-424 pages
=500  \\$aThe German Society was a language society in Leipzig in the late Baroque and Enlightenment periods. Their goals included the promotion of the German language and its emancipation from Latin and French, and later the enforcement of the New High German written language throughout the German-speaking area. After its most prominent member, Johann Christoph Gottsched, left in a dispute, the society quickly lost importance. In 1945 it was dissolved.
=561  \\$aEx libris B. Heinrich Leyser (plate)
=590  \\$aNebst einer vorhergesetzten ausführlichen Erläuterung ihrer Absichten, Anstalten und der davon zu erwartenden Vortheile, ans Licht gestellet, und mit einer Vorrede versehen
=610  \0$aDeutsche Gesellschaft (Leipzig, Germany)$1http://www.wikidata.org/entity/Q1202799$923538
=648  \0$a18th Century (1701-1800)$1http://www.wikidata.org/entity/Q7015$920899
=650  \0$aHistory$1http://www.wikidata.org/entity/Q309$921403
=650  \0$aRhetoric$1http://www.wikidata.org/entity/Q81009$93894
=650  \0$aLinguistics$1http://www.wikidata.org/entity/Q8162$93902
=651  \0$aLeipzig (Germany)$1http://www.wikidata.org/entity/Q2079$945
=653  \0$aZiegler, M.$316, 287-295$020140144$w11D16$938143
=653  \0$aLübeck$3164$020140144$w11D16$934243
=653  \0$aslagwerk$3167, 257, 360$020140144$w11D16$939152
=653  \\$aErnesti, J.F.C.$3135-146$020140144$w11D16$931519
=653  \\$aMencke$3364$020140144$w11D16$934641
=653  \\$aPonickau, J. C. v.$384, 132$020140144$w11D16$936066
=653  \\$aWinckler, J. H.$3101, 255$020140144$w11D16$937991
=700  \\$4aut$94793$aVarious
=856  \\$uhttps://reader.digitale-sammlungen.de/de/fs1/object/display/bsb10924810_00003.html$3Bavarian State Library
=856  \\$uhttps://api.digitale-sammlungen.de/iiif/presentation/v2/bsb10924810/manifest$3IIIF manifest
=942  \\$cBOO
=952  \\$00$10$2ddc$40$6KTS_1_000000000000000_C2_66_11D16$70$8RAR$93149$aORPH$bORPH$cKTS1_C2$d2020-07-08$eKoopman$oKTS1 C2.66 11D16$p20140144$r2021-01-12 00:00:00$w2021-01-12$yBOO
=999  \\$d3149

