=LDR  01248aam a2200229   4500
=001  3153
=008  230202s1642\\\\|||a||||\||||\00|\0\ger\d
=041  \\$ager
=100  \\$aMithobius, Hektor$4aut$97423$d1600-1655
=245  \\$aDas edle und allgemeine Trost-Spruchlein Rom. 8. v. 28 Wir wissen aber, da denen die Gott lieben, alle Ding zum besten dienen: in einer kurzen Predigt
=250  \\$a1st ed.
=260  \\$aLübeck$bMeijer$c1642
=300  \\$a[ii]-24 pages
=500  \\$aHector Mithob, also Mithobius or Mithoff (1600-1655), was a German Lutheran theologian and superintendent, first for the high diocese of Ratzeburg, from 1653 also for large parts of western Mecklenburg. 
=648  \0$a17th Century (1601-1700)$1http://www.wikidata.org/entity/Q7016$920923
=650  \0$aProtestantism$1http://www.wikidata.org/entity/Q23540$921012
=650  \0$aRhetoric$1http://www.wikidata.org/entity/Q81009$93894
=650  \0$aSermon$1http://www.wikidata.org/entity/Q60797$921869
=651  \0$aGermany$1http://www.wikidata.org/entity/Q183$9155
=942  \\$cBOO
=952  \\$00$10$2ddc$40$6KTS_1_000000000000000_C2_67_11D20$70$8RAR$93153$aORPH$bORPH$cKTS1_C2$d2020-07-08$eKoopman$l0$oKTS1 C2.67 11D20$p20140151$r2021-01-12 00:00:00$w2021-01-12$yBOO
=999  \\$d3153

