=LDR  01585aam a2200289   4500
=001  3155
=008  230202s1742\\\\||||||||\||||\00|\d\dut\d
=041  \\$adut
=100  \\$aHuydecoper, Balthazar$d1695-1778$4aut$1http://www.wikidata.org/entity/Q2480672$910567
=245  \\$aAchilles,$bTreurspel.
=250  \\$a3rd ed.
=260  \\$aAmsterdam$bDuim$c1742
=300  \\$a79 pages$btitlepage engraving, uncut pages
=500  \\$aOriginally published in 1719
=500  \\$aIzaak Duim (1696-1782), an actor at the Amsterdam Schouwburg, inherited the privilege of printing all plays performed at that venue upon the death of his predecessor, David Ruarus
=590  \\$aQuicquid delirant Reges, plectuntur Achivi.
=610  \0$aStadsschouwburg Amsterdam (Netherlands)$1http://www.wikidata.org/entity/Q1817103$921020
=648  \0$a18th Century (1701-1800)$1http://www.wikidata.org/entity/Q7015$920899
=650  \0$aPlay (theater)$1http://www.wikidata.org/entity/Q25379$921414
=650  \0$aPoetry$1http://www.wikidata.org/entity/Q482$93026
=650  \0$aMythology$1http://www.wikidata.org/entity/Q9134$921600
=651  \0$aAmsterdam (Netherlands)$1http://www.wikidata.org/entity/Q727$9135
=856  \\$uhttps://www.dbnl.org/tekst/huyd001achi01_01/index.php$3Digital Library for Dutch Literature (DBNL)
=856  \\$uhttps://books.google.be/books?id=RkRaAAAAcAAJ$3Google Books
=942  \\$cBOO
=952  \\$00$10$2ddc$40$6KTS_1_000000000000000_C2_66_11D22$70$8RAR$93155$aORPH$bORPH$cKTS1_C2$d2020-07-08$eKoopman$l0$oKTS1 C2.66 11D22$p20140148$r2021-01-12 00:00:00$w2021-01-12$yBOO
=999  \\$d3155

