=LDR  02490acm a2200313   4500
=001  3159
=008  240111s1899\\\\|||||l||\||||\00|\0\dut\d
=041  \\$adut
=059  \\$aSATB
=100  \\$aBoskoop, Cornelis$d?-1573$1http://www.wikidata.org/entity/Q328029$4cmp$97426
=245  \\$a50 Psalmen Davids met vier partijen
=260  \\$aLeipzig$aAmsterdam$bBreitkopf$bStumpff & Koning$c1899
=300  \\$a[iv]-8-8-8-8-184 pages$bin a modern red linen binding, contains the full score and a set of vocal parts for a selection of psalms 
=490  \\$aUitgaven van de Vereeniging voor Noord-Nederlands Muziekgeschiedenis$vVol. 22
=500  \\$aThere is a set of separate vocal parts for 8 of the Psalms bound in with the score, between pages 6 and 7. The edition of the score is quite 'clean' in contrast to the separate vocal parts that not only have been converted to more modern smaller note values but also contain a lot of editorial dynamics, phrasings and other performance suggestions. 
=500  \\$aCornelis Boscoop was a Dutch composer and organist of the Oude Kerk in Amsterdam, so a predecessor of Sweelinck. The 50 Psalm settings are his only surviving work. It was first published in 1562 (now lost?), this modern edition is based on a set of part books printed in Dusseldorf in 1568. 
=500  \\$aThe texts are derived from the Souterliedekens, a well known Dutch translation/version of Psalm texts. Musically there is no connection to the Souterliedekens, Boscoop made his own melodies and compositions. 
=561  \\$aEx libris 'Nederlandsche Radio Unie' (stamps throughout score)
=590  \\$aNaar de uitgave van 1568 in partituur gebracht en op nieuw uitgegeven
=648  \0$a16th Century (1501-1600)$1http://www.wikidata.org/entity/Q7017$920944
=648  \0$a19th Century (1801-1900)$1http://www.wikidata.org/entity/Q6955$920935
=650  \0$aPoetry$1http://www.wikidata.org/entity/Q482$93026
=650  \0$aPsalm$1http://www.wikidata.org/entity/Q12497663$92164
=651  \0$aNetherlands$1http://www.wikidata.org/entity/Q55$9173
=700  \\$aSeiffert, Max$d1868-1948$1http://www.wikidata.org/entity/Q74307$4edt$96471
=856  \\$uhttps://imslp.org/wiki/50_Psalmen_Dauid_mit_4_partyen_(Boscoop%2C_Cornelis)$3International Music Score Library Project
=942  \\$cSCO
=952  \\$00$10$2ddc$40$6KTS_1_000000000000000_C3_42_11E02$70$8RAR$93159$aORPH$bORPH$cKTS1_C3$d2020-07-08$eKoopman$l0$oKTS1 C3.42 11E02$p20146174$r2021-01-12 00:00:00$w2021-01-12$ySCO
=999  \\$d3159

