=LDR  02721aam a2200337   4500
=001  3164
=008  240115i17831788|||aeif|\||||\00|\0dlat\d
=041  \\$alat
=100  \\$aGerbert, Martin$d1720-1793$4aut$1http://www.wikidata.org/entity/Q66625$96622
=245  \\$aHistoria Nigræ Silvæ Ordinis Sancti Benedicti Coloniæ $n1-3/3
=260  \\$aCologne$bOrdinis Sancti Benedicti$c1783-88
=300  \\$a3 vols. ([viii]-512+[ii]-555+[ii]-450-[42] pages)$boriginal board (cardboard), uncut edges, illustrations, folded pages, inserted pages and plates, manuscript notes in ink on frontpaper
=500  \\$aHistory of Saint Blaise Abbey (German: Kloster Sankt Blasien) a Benedictine monastery in the village of St. Blasien in the Black Forest in Baden-Württemberg, Germany
=500  \\$avol. 2 covers the period "A Sec. XIII. ad præsens usque tempus", vol. 3 contains the 'Codex diplomaticus historiæ Silvæ Nigræ"
=500  \\$aMartin Gerbert was a German theologian, historian and writer on music. In 1764 he was elected prince-abbot of St Blaise's, and proved himself a model ruler both as abbot and prince. His examination of archives during his travels had awakened in him a taste for historical research, and under his rule St. Blaise's became a notable centre of the methodical study of history.
=504  \\$aVol. 3 contains index
=610  \0$aBenedictines$1http://www.wikidata.org/entity/Q131132$921364
=610  \0$aKloster Sankt Blasien (Germany)$1http://www.wikidata.org/entity/Q532367$926961
=648  \0$a18th Century (1701-1800)$1http://www.wikidata.org/entity/Q7015$920899
=650  \0$aReligion$1http://www.wikidata.org/entity/Q9174$93062
=650  \0$aHistory$1http://www.wikidata.org/entity/Q309$921403
=650  \0$aMonastery$1http://www.wikidata.org/entity/Q44613$926216
=651  \0$aSankt Blasien (Germany)$1http://www.wikidata.org/entity/Q145008$926962
=856  \\$uhttps://books.google.be/books?id=Qx0VAAAAQAAJ$3vol. 1
=856  \\$uhttps://books.google.be/books?id=bB0VAAAAQAAJ$3vol. 2
=856  \\$uhttps://books.google.be/books?id=GsQWAAAAQAAJ$3vol. 3
=942  \\$cBOO
=952  \\$00$10$2ddc$3vol.1$40$6KTS_1_000000000000000_C3_42_11E07_01$70$8RAR$93164$aORPH$bORPH$cKTS1_C3$d2020-07-08$eKoopman$l0$oKTS1 C3.42 11E07_01$p20146180$r2021-01-12 00:00:00$w2021-01-12$yBOO
=952  \\$00$10$2ddc$3vol.2$40$6KTS_1_000000000000000_C3_42_11E07_02$70$8RAR$923129$aORPH$bORPH$cKTS1_C3$d2020-07-08$eKoopman$l0$oKTS1 C3.42 11E07_02$p20146181$r2024-01-15 00:00:00$w2021-01-12$yBOO
=952  \\$00$10$2ddc$3vol.3$40$6KTS_1_000000000000000_C3_42_11E07_03$70$8RAR$923130$aORPH$bORPH$cKTS1_C3$d2020-07-08$eKoopman$l0$oKTS1 C3.42 11E07_03$p20146182$r2024-01-15 00:00:00$w2021-01-12$yBOO
=999  \\$d3164

