=LDR  01870aam a2200289   4500
=001  3166
=005  20251003085455.0
=008  240115s1906\\\\|||aohf|\c|||\00|\0\fre\d
=041  \\$afre
=245  \\$aCatalogue d'une précieuse collection de manuscrits et de livres renfermant une partie de la bibliothèque des R.R. P.P. Jésuites à Marseilles et les bibliothèques de feu M.M.-F. J. Hennequin à Oostbeurg (Zélande) et Dr. I. Dornseiffen à Doorn (Utrecht)
=260  \\$aAmsterdam$bVries, de$c1906
=300  \\$a[vi]-152-[32] pages$bbound in soft cardboard, frontpage in red ink, frontispiece facsimile reproduction of 2 iluminations, contains plates, photographs, engravings, illuminations
=590  \\$aLa vente aura lieu les 18, 19 et 20 decembre 1906 sous la direction de M.M. R.  W. P. De Vries, dans leur salle de vente, SIngel 146, à Amsterdam
=610  \0$aJesuits$1http://www.wikidata.org/entity/Q36380$921140
=648  \0$a20th Century (1901-2000)$1http://www.wikidata.org/entity/Q6927$920936
=650  \0$aBibliophilia$1http://www.wikidata.org/entity/Q214719$921630
=650  \0$aCollecting$1http://www.wikidata.org/entity/Q208165$92117
=650  \0$aBibliography$1http://www.wikidata.org/entity/Q134995$93965
=650  \0$aCatalogue$1http://www.wikidata.org/entity/Q2352616$921484
=651  \0$aMarseille (France)$1http://www.wikidata.org/entity/Q23482$926958
=651  \0$aDoorn (Utrecht, Netherlands)$1http://www.wikidata.org/entity/Q1615161$926959
=651  \0$aOostburg (Zeeland, Netherlands)$1http://www.wikidata.org/entity/Q1615032$926960
=700  \\$aHennequin, M. M.-F.  J.$4col$97431
=700  \\$aDornseiffen, I.$4col$97432
=942  \\$cBOO
=952  \\$00$10$2ddc$40$6KTS_1_000000000000000_C3_42_11E09$70$8RAR$93166$aORPH$bORPH$cKTS1_C3$d2020-07-08$eKoopman$l0$oKTS1 C3.42 11E09$p20146179$r2021-01-12 00:00:00$w2021-01-12$yBOO
=999  \\$d3166

