=LDR  03284aam a2200277   4500
=001  3167
=005  20251003085455.0
=008  240115s1921\\\\|||foa||\c|||\00|\0\fre\d
=041  \\$afre
=100  \\$aWasserman, Eugène von$d1870-1925$1http://www.wikidata.org/entity/Q120691928$4col$97433
=245  \\$aCatalogue de la Bibliothèque de M. Eugène von Wassermann
=260  \\$aAntwerp$bBuschmann$c1921
=300  \\$a[x]-230-[98] pages$bmodern binding, marbled cardboard cover, linen spine, illustrations, photographs
=500  \\$aThe auction sale catalogue of the private collection of Eugene Wasserman who owned a fine collection of bindings. Accompanied by separate album of plates.
=500  \\$aFirst cousin of Oscar Wassermann, Eugène von Wassermann was born on 13 March 1870 in Bamberg, the son of Angelo Wassermann and Dora Bauer.  He worked as a stockbroker in Brussels, where he lived in a small mansion [destroyed] at 52 rue du Luxembourg. He began collecting books in 1888, following a constant preoccupation: "to bring together the most interesting specimens of illustrated books and bindings from the fifteenth to the first half of the nineteenth century, and in this way to constitute a history of bookbinding and illustration through the ages". In 1910, he was a founder member of the Société royale des Bibliophiles et Iconophiles de Belgique. He had a catalogue of his books printed "ad usum amicorum" in 100 copies by Librairie Henri Leclerc: Les Livres composant le cabinet de M. Eugène v. W*** [von Wassermann] (Brussels, 1913, in-4, 58 plates in black and colour). Living in Berlin since the armistice of 1918, he sold his art collection [paintings, plastic arts, engravings and drawings] from 8 to 10 June 1920 at Rudolph Lepke's Kunst-Auctions-Haus. He sold his library at the Galerie Georges Giroux, Brussels, in 1921, in 7 sales. The sale brought in 1,256,858 francs.  Eugène von Wassermann died unmarried in Berlin on 29 June 1925, and was buried in the Jewish cemetery in Bamberg, next to his parents.


=590  \\$aManuscrits, incunables, livres illustrés de la fin du XVe siècle au début du XIXe siècle, alamanchs illustrés, recueils de portraits, de planches relatives aux costumes, recueils de dessins et ouvrages ornés de dessins, reliures du XVe au XVIIIe siècle, reliures de l'époque romantique, livres anciens dans tous les genres, etc. etc.
=648  \0$a20th Century (1901-2000)$1http://www.wikidata.org/entity/Q6927$920936
=650  \0$aBibliography$1http://www.wikidata.org/entity/Q134995$93965
=650  \0$aBibliophilia$1http://www.wikidata.org/entity/Q214719$921630
=650  \0$aCatalogue$1http://www.wikidata.org/entity/Q2352616$921484
=650  \0$aCollecting$1http://www.wikidata.org/entity/Q208165$92117
=651  \0$aBrussels (Belgium)$1http://www.wikidata.org/entity/Q239$937
=856  \\$uhttps://bibliotheque-numerique.inha.fr/collection/item/50654-vente-publique-de-la-bibliotheque-de-m-eugene-von-wassermann-vente-du-24-au-27-octobre-et-du-3-au-5-novembre-1921$3Institut National d'Histoire de l'Art
=942  \\$cBOO
=952  \\$00$10$2ddc$40$6KTS_1_000000000000000_C3_43_11E10$70$8RAR$93167$aORPH$bORPH$cKTS1_C3$d2020-07-08$eKoopman$l0$oKTS1 C3.43 11E10$p20146183$r2021-01-12 00:00:00$w2021-01-12$yBOO
=999  \\$d3167

