=LDR  01679aam a2200277   4500
=001  3168
=005  20251003085455.0
=008  240115s1910\\\\|||fha||\c|||\00|\0\fre\d
=041  \\$afre
=245  \\$aManuscrits provenant des collections des Chevaliers van Rappard de M. le Pasteur H. A. J. Lütge d'Amsterdam, e.a
=260  \\$aAmsterdam$bMuller$c1910
=300  \\$a[viii]-194-[16] pages$blight cardboard cover, illustrations, plates
=500  \\$aFrans Alexander Lodewijk Knight of Rappard was born at The Hague & studied at Utrecht. He was commies-chartermaster at the Old Archive in Utrecht, from 4 May 1879 until his death, 29 Sept 1888.
=500  \\$aH.A.J. Lütge was pastor in Amsterdam in the late 19th century
=590  \\$aAlbums amicorum des XVIe-XVIIe siècles, manuscrits avec miniatures, livre de prieres de Gaspard de Coligny, documents hostoriques et genealogiques, autographes...
=648  \0$a20th Century (1901-2000)$1http://www.wikidata.org/entity/Q6927$920936
=650  \0$aBibliophilia$1http://www.wikidata.org/entity/Q214719$921630
=650  \0$aCatalogue$1http://www.wikidata.org/entity/Q2352616$921484
=650  \0$aBibliography$1http://www.wikidata.org/entity/Q134995$93965
=650  \0$aCollecting$1http://www.wikidata.org/entity/Q208165$92117
=651  \0$aNetherlands$1http://www.wikidata.org/entity/Q55$9173
=700  \\$aRappard, Frans Alexander van$c1828-1888$4col$97434
=700  \\$aLütge, Heinrich Andreas Johannes$4col$97435
=942  \\$cBOO
=952  \\$00$10$2ddc$40$6KTS_1_000000000000000_C3_43_11E11$70$8RAR$93168$aORPH$bORPH$cKTS1_C3$d2020-07-08$eKoopman$l0$oKTS1 C3.43 11E11$p20146184$r2021-01-12 00:00:00$w2021-01-12$yBOO
=999  \\$d3168

