=LDR  05144aam a2200385   4500
=001  3169
=005  20251003085455.0
=008  240116s1901\\\\|||hfa||\c|||\00|\0\fre\d
=041  \\$afre
=245  \\$aCatalogue de manuscrits et de livres provenant des collections : Baron van den Bogaerde de Heeswijk, Jhr. Dr. J. P. Six à Amsterdam, M. L. Hardenberg à La Haye, A. J. Lamme, ancien directeur du Musée Boymans à Rotterdam$n1-2/2
=260  \\$aAmsterdam$bMuller$c1901
=300  \\$a2 vols. in 1 ([ii]-109-[16]-[iv]-80 pages)$bmodern cardboard binding, leather spine, photographs, illustrations, facsimiles, notes in ink
=500  \\$a2 volumes in 1
=500  \\$acontains price markings (florins) in ink
=500  \\$aAndreas van den Bogaerde van Terbrugge was an art-loving southern Dutchman who faithfully served the Dutch kings, notably as Governor in North Brabant. Became Governor of North Brabant in February 1830 and was allowed to remain so after the Belgian Revolt because of his loyalty and suitability. He obtained the title of baron in 1830. Lived at Heeswijk Castle from 1835. Promoted arts and sciences in all his functions and wrote several historical treatises.
=500  \\$aJan Pieter Six VI was a Dutch art collector. He came from a wealthy family of art collectors, who spent the winters in Amsterdam, the springs in a property on the outskirts of the city and the summers in a country house in 's-Graveland. His early education was spent in the family's home in Amsterdam. His early education was provided by a French diplomat, who instilled in him his interest in reading classical French and Dutch poets. He became acquainted with classical languages and began to admire and study in particular Plautus and Varron, and to acquire books by classical authors, philology and archaeology. Six was also interested in art and historical exhibitions, and collaborated in exhibitions of art masters and in archaeological exhibitions. His participation in the 1869 exhibition on the occasion of the 600th anniversary of the city of Amsterdam was particularly significant. He was co-founder of the Royal Society of Antiquaries. In 1875 he also founded a small art museum with funds partly ceded by him, which eventually became part of the Rijksmuseum. He also showed his concern for the conservation of historical monuments and buildings and collected a wide range of objects such as paintings, prints, portraits, silversmiths, incunabula, glass, etc., most of which ended up being donated to public museums. He also took part in public life, as a member of the provincial council 
=500  \\$aArie Johannes Lamme was a Dutch painter, lithographer, art dealer and museum director. He specialized in genre scenes and historical works. His father was the art dealer Arnoldus Lamme. In 1845, while in Paris, he won a gold medal for his interior portraits. Two years later, he and his father worked for the city of Rotterdam, evaluating paintings that had been bequeathed to the city by Frans Jacob Otto Boijmans, a noted art collector. Those paintings formed the basis of the collection at the Museum Boijmans Van Beuningen, and Lamme was named the first Director in 1849. That same year, King William III named him a Ridder in the Order of the Oak Crown. In 1870, he resigned his position at Boijmans and was named Honorary Director.
=500  \\$aLambertus Hardenberg was a Dutch book collector, lithographer, draftsman, drawing collector, painter, etcher, print collector, watercolourist, the son of coach painter Lambertus (c. 1784-1847), brother of coach painter and collector Jan Frederik and father of painter Maria Elisabeth Hardenberg.
=504  \\$aArticle about the library of the Lords van den Bogaerde at Heeswijk Castle: https://www.dbnl.org/tekst/_boe022198701_01/_boe022198701_01_0022.php?q=bogaerde%20bibliotheek%20heeswijk#hl1

=561  \\$aEx Libris anonymous (Plate)
=590  \\$aLa vente aura lieu 7-9 Mai 1901
=648  \0$a20th Century (1901-2000)$1http://www.wikidata.org/entity/Q6927$920936
=650  \0$aBibliography$1http://www.wikidata.org/entity/Q134995$93965
=650  \0$aCatalogue$1http://www.wikidata.org/entity/Q2352616$921484
=650  \0$aBibliophilia$1http://www.wikidata.org/entity/Q214719$921630
=650  \0$aCollecting$1http://www.wikidata.org/entity/Q208165$92117
=651  \0$aNetherlands$1http://www.wikidata.org/entity/Q55$9173
=700  \\$aBogaerde de Heeswijk, van den$d1787-1855$1http://www.wikidata.org/entity/Q2833202$4col$97436
=700  \\$aSix, Jan Pieter$d1924-1899$1http://www.wikidata.org/entity/Q53919793$4col$97437
=700  \\$aHardenberg, M. L.$d1822-1900$1http://www.wikidata.org/entity/Q2301250$4col$97438
=700  \\$aLamme, Arie Johannes$d1812-1900$1http://www.wikidata.org/entity/Q18507872$4col$97439
=856  \\$uhttps://www.delpher.nl/nl/boeken/view?identifier=MMSFUBA02:000015511:00006$3National Library of the Netherlands
=942  \\$cBOO
=952  \\$00$10$2ddc$40$6KTS_1_000000000000000_C3_43_11E12$70$8RAR$93169$aORPH$bORPH$cKTS1_C3$d2020-07-08$eKoopman$l0$oKTS1 C3.43 11E12$p20146185$r2021-01-12 00:00:00$w2021-01-12$yBOO
=999  \\$d3169

