=LDR  04835aam a2200529   4500
=001  3172
=008  240116s1621\\\\|||fa|||\||||\00|\p\dut\d
=041  \\$adut
=100  \\$aThieullier, Jan$dfl. 17th century$4aut$1http://www.wikidata.org/entity/Q19664388$97440
=245  \\$aDe schadt-kiste der philosophen ende poëten
=260  \\$aMechelen$bIaye$c1621
=300  \\$bred edges, marbled endpapers, leather bound, gilded embossed spine, engraved title page, folded pages, plates, illustrations, woodcut initial letters, double lined page borders$a[xxiv]-327 pages
=500  \\$abeautiful print with fold-out plates
=500  \\$aJan Thieuillier (fl. early 17th century) was a Flemish poet and silversmith; he was the dean of the chamber of rhetoric 'De Poeone' in Malines.
=500  \\$aDe Peoene (The Peony) was one of the Malines' rhetorical chambers. The chamber's motto was In principio erat verbum ("In the beginning was the Word"; attested for the period 1561-1620). Its patron saint was John the Evangelist.  The chamber was reconstituted in 1858 and continues to exist in the form of a contemporary theatre.
=500  \\$aIn 1620, the chamber organised a competition in which chambers from the Spanish Netherlands and the United Provinces took part. The organiser of the competition was Johannes Thieuillier. In 1621, the commemorative book of the competition was published, which was to contribute to the fame and honour of the towns in the region and the individual poets in particular. This work, illustrated with images of coats of arms and entitled De schadt-kiste der philosophen ende poëten (The Treasure of Philosophers and Poets), was quite expensive and had been revised before publication by the censor, who complained that so many authors preferred philosophers to Doctors of the Church, whereas these pagan writers should only be quoted insofar as they did not contradict the true Roman Catholic faith because, for the rest, their wanderings were of no interest.
=501  \\$aBound in with 'Porphyre en Cyprine. Treurspel'
=590  \\$awaer inne te vinden syn veel schoone leerlycke blasoenen, refereynen ende liedekens gebracht ende gesonden op de Peoen-camere binnen Mechelen van d'omliggende steden in Brabant, Vlaenderen, Hollandt ende Zeelandt: geprononciert ende gesonghen op henlieder Feeste den 3. mey vanden iaere 1620

Hendrick Jaye, Jan Thieullier 
=648  \0$a17th Century (1601-1700)$1http://www.wikidata.org/entity/Q7016$920923
=650  \0$aSong$1http://www.wikidata.org/entity/Q7366$94164
=650  \0$aEmblem$1http://www.wikidata.org/entity/Q112110$93250
=650  \0$aRhetoricians$1http://www.wikidata.org/entity/Q1483341$92186
=650  \0$aIconography$1http://www.wikidata.org/entity/Q208145$921259
=650  \0$aPoetry$1http://www.wikidata.org/entity/Q482$93026
=650  \0$aRhetoric$1http://www.wikidata.org/entity/Q81009$93894
=650  \0$aContrafactum$1http://www.wikidata.org/entity/Q1783270$922210
=651  \0$aMechelen (Belgium)$1http://www.wikidata.org/entity/Q162022$921975
=651  \0$aBelgium$1http://www.wikidata.org/entity/Q31$920881
=651  \0$aNetherlands$1http://www.wikidata.org/entity/Q55$9173
=653  \0$ablokfluit$3194$020146187a$w11E14a$929645
=653  \0$acello $399? 194? 320/329 (?)$020146187a$w11E14a$930345
=653  \0$amuzieknotatie$3216$020146187a$w11E14a$935087
=653  \0$aop de wijze van $313, 16, 19, 23, 26, 35, 39, 43, 46-48, 51, 55, 58, 61, 64, 67, 70, 73, 76, 79, 82, 85, 88, 98, 102, 105, 108, 111, 114, 115?? 117, 120, 123, 126, 129, 132, 135, 138, 141, 144, 147, 150, 153, 156, 159, 162, 165, 168, 171, 174, 177, 180, 181, 184, 188, 202, 205, 210, 213, 214, 219, 222, 229 (=225), 232, 235, 246, 249, 252, 255 (=253), 256, 261, 264, 267, 270, 273, 276, 279, 282, 285, 288, 291, 294, 297, 298 (=300), 303, 306, 307, 310, 313, 316, 317, 320, 323, 326$020146187a$w11E14a$935398
=653  \0$atrompet$3184$020146187a$w11E14a$937194
=653  \0$aharp$340, 229$020146187a$w11E14a$932582
=653  \0$aviool$3tp, 4 afb., 32, 99? 194?$020146187a$w11E14a$937605
=653  \0$awilhelmus$367, 141$020146187a$w11E14a$937972
=653  \0$arederijkers$3wb$020146187a$w11E14a$938298
=653  \0$aluit$3229$020146187a$w11E14a$934262
=653  \\$aCrynen, D.$3274, 284, 285$020146187a$w11E14a$930868
=653  \\$aCrynen, P.$3274, 284, 285$020146187a$w11E14a$930869
=653  \\$amotto = auteur$3wb$020146187a$w11E14a$934913
=856  \\$uhttps://lib.ugent.be/europeana/900000033621?pg=PP5$3Universiteitsbibliotheek UGent
=856  \\$uhttps://books.google.be/books?id=MPlBAAAAcAAJ$3Google Books
=942  \\$cBOO
=952  \\$00$10$2ddc$40$6KTS_1_000000000000000_C3_43_11E14A$70$8RAR$93172$aORPH$bORPH$cKTS1_C3$d2020-07-08$eKoopman$oKTS1 C3.43 11E14a$p20146187a$r2021-01-12 00:00:00$w2021-01-12$yBOO
=999  \\$d3172

