=LDR  01393aam a2200277   4500
=001  3174
=005  20251003085455.0
=008  240116n\\\\\\\\|||a||||\c|||\00|\0\mul\d
=041  \\$ager
=041  \\$aeng
=041  \\$afre
=041  \\$aspa
=059  \\$azith
=245  \\$aKatalog über Zithern / Catalogue of cithers / Catalogue de cithares / Catalogo de citaras
=260  \\$as.l.$bs.n.$c19xx
=300  \\$a24 pages$blight cardboard cover, illustrations
=500  \\$aSome sort of an order catalog of a company
=500  \\$aContains loose leaflet advertising a "Hackbrett" instrument (Cimbalom, hammered dulcimer) , made or sold by "Scala" Musikinstrumente in Klingenthal, Germany. This might let us  presume the catalogue might belong to the Zupfinstrumentenfaktur C. Robert Hopf, founded in Klingenthal in 1901.
=648  \0$a20th Century (1901-2000)$1http://www.wikidata.org/entity/Q6927$920936
=650  \0$aCatalogue$1http://www.wikidata.org/entity/Q2352616$921484
=650  \0$aZither$1http://www.wikidata.org/entity/Q76239$925994
=650  \0$aOrganology$1http://www.wikidata.org/entity/Q899293$921400
=651  \0$aGermany$1http://www.wikidata.org/entity/Q183$9155
=942  \\$cBOO
=952  \\$00$10$2ddc$40$6KTS_1_000000000000000_C3_43_11E16$70$8RAR$93174$aORPH$bORPH$cKTS1_C3$d2020-07-08$eKoopman$l0$oKTS1 C3.43 11E16$p20146189$r2021-01-12 00:00:00$w2021-01-12$yBOO
=999  \\$d3174

