=LDR  02420aam a2200265   4500
=001  3175
=005  20251003085455.0
=008  240116b\\\\\\\\|||a||||\c|||\00|\0\mul\d
=041  \\$ager$afre
=245  \\$aIllustrirte Preisliste. Gebrüder Bruder, Orgel-Fabrik Waldkirch im Breisgau-Baden
=260  \\$aWaldkirch$bs.n.$cs.d.
=300  \\$a[20 pages]$blight cardboard cover, stapled binding, illustrations, decorated page borders
=500  \\$aWaldkirch in Germany is still a center of organ manufacture
=500  \\$aIgnaz Blasius Bruder (1780-1845) founded a dynasty of music makers that lasted well into the 20th century. He attended the public school in Zell, learnt the mason's trade and left Zell as an itinerant journeyman around 1797/1798, travelling to Nancy and Mirecourt, where he became acquainted with barrel organ and music box making and learnt this craft. When he returned home with Dom Bédos' magnificent book in his luggage, he set up as a music box maker in Simonswald in the Black Forest in 1804 and continued to develop his craftsmanship on a self-taught basis. He was also involved in the construction of church organs. He worked as a temp, and later as a journeyman, for Mathias Martin in Waldkirch and in 1806 set up his own organ manufactory in Waldkirch. In 1807, he married Maria Anna Siffert, the daughter of a cobbler. This marriage produced 15 children, three daughters and twelve sons. Only five of the sons reached adulthood, but all of them learnt the trade of a music maker, and led the firm towards future generations.
=590  \\$aFiliale Hannover, Korn[s]trasse 37. Fabrikation von Orgelwerken für: Reisende Schaugeschäfte etc. Tanz und-Concertmusik.
=648  \0$a20th Century (1901-2000)$1http://www.wikidata.org/entity/Q6927$920936
=650  \0$aOrganology$1http://www.wikidata.org/entity/Q899293$921400
=650  \0$aMechanical musical instrument$1http://www.wikidata.org/entity/Q8614972$926213
=650  \0$aOrgan$1http://www.wikidata.org/entity/Q1444$92810
=650  \0$aCatalogue$1http://www.wikidata.org/entity/Q2352616$921484
=650  \0$aPrice$1http://www.wikidata.org/entity/Q160151$922382
=651  \0$aGermany$1http://www.wikidata.org/entity/Q183$9155
=942  \\$cBOO
=952  \\$00$10$2ddc$40$6KTS_1_000000000000000_C3_43_11E17$70$8RAR$93175$aORPH$bORPH$cKTS1_C3$d2020-07-08$eKoopman$l0$oKTS1 C3.43 11E17$p20146190$r2021-01-12 00:00:00$w2021-01-12$yBOO
=999  \\$d3175

