=LDR  04171    a2200541   4500
=001  3177
=008  240117s1841\\\\|||w||n|\||||\00|\0\ger\d
=041  \\$ager
=100  \\$aFink, Gottfried Wilhelm$d1783-1846$1http://www.wikidata.org/entity/Q215325$4edt$4aut$96522
=245  \\$aAllgemeine musikalische Zeitung$nvol. 43 nos. 26-33
=260  \\$aLeipzig$bBreitkopf & Härtel$c1841
=300  \\$a [8-8-8-4-12-12-12-12-12 pages] $bFolded newspaper sections, music examples, unbound score
=500  \\$aIn a (damaged) marbled cardboard folder with 'Nederlandsch muzykaal tijdschrift', containing pasted manuscript note containing a handwritten mailing list "...for three days' reading time", signed B. Van Berkel 
=500  \\$aEdition of june-august 1841. Continuous pagination (p.506-671) 
=500  \\$aThe Allgemeine musikalische Zeitung (General music newspaper) was a German-language periodical published in the 19th century. Comini (2008) has called it "the foremost German-language musical periodical of its time". It reviewed musical events taking place in many countries, focusing on the German-speaking nations, but also covering France, Italy, Russia, Britain, and even occasionally America. Its impartiality and adherence to basic principles of credibility and discretion regarding the personal position of those reviewed, assured and established itself in a high position as a periodical in the musical German society of the time, exercising great influence on the period. The periodical appeared in two series: a weekly magazine published between 1798 and 1848, and a revived version which lasted from 1866 to 1882.
=500  \\$a Contains loose folded score "Schlussfuge aus Aurea Luce etc. Inno a otto parti reali coll'Organo" for double mixed chorus and organ by Francesco Basily
=501  \\$aBound in with  'Nederlandsch muzykaal tijdschrift vol. 3, nos. 17-20'
=648  \0$a19th Century (1801-1900)$1http://www.wikidata.org/entity/Q6955$920935
=650  \0$aMusic history$1http://www.wikidata.org/entity/Q846047$921373
=650  \0$aJournalism$1http://www.wikidata.org/entity/Q11030$921960
=650  \0$aMusic criticism$1http://www.wikidata.org/entity/Q11748889$921598
=650  \0$aChoral music$1http://www.wikidata.org/entity/Q1076513$94368
=651  \0$aGermany$1http://www.wikidata.org/entity/Q183$9155
=653  \0$aBach, familie$3518$020146192b$w11E19b$928911
=653  \0$abezetting_vocaal$3530, 531, 547, 548, 561, 562, 568, 586-591, 634-637, 640-647, 657, 660-662, 665,-670$020146192b$w11E19b$929535
=653  \0$aboekprijs$3505, 507, 509, 510, 519, 520, 527, 536, 551, 601, 606, 646, 649, 652-655, 671$020146192b$w11E19b$929701
=653  \0$acastraten$3552$020146192b$w11E19b$930282
=653  \0$aoude muziek vroeger$3559, 567, 626, 627, 629, 632, 633, 646, 656, 662$020146192b$w11E19b$935658
=653  \0$aemoties$3531$020146192b$w11E19b$931445
=653  \0$aentréeprijs$3634, 639, 658$020146192b$w11E19b$931492
=653  \0$aprijs van viool$3647$020146192b$w11E19b$936199
=653  \0$aSpontini$3600$020146192b$w11E19b$936440
=653  \0$astemomvang$3531$020146192b$w11E19b$936561
=653  \0$aVivaldi, A._na dood$3633$020146192b$w11E19b$937662
=653  \0$ainventaris$3647, 648$020146192b$w11E19b$933115
=653  \0$avuurwerk$3640$020146192b$w11E19b$937821
=653  \0$akoor/orkestbezetting$3624, 637, 656-658$020146192b$w11E19b$933678
=653  \0$aRossini$3634$020146192b$w11E19b$938572
=653  \0$aMozart, W.A._c klein mis$3505-507$020146192b$w11E19b$934930
=653  \\$aBasily, Fr.$3542, 543, Anh. I$020146192b$w11E19b$929141
=653  \\$aBree, V.$3624$020146192b$w11E19b$929921
=653  \\$aRomberg, B.$3670$020146192b$w11E19b$938531
=700  \\$aBasili, Francesco$d1767-1850$1http://www.wikidata.org/entity/Q3749608$4cmp$926964
=773  \\$03178$tNederlandsch muzykaal tijdschrift$w3178
=856  \\$uhttps://books.google.be/books?id=v-AqAAAAYAAJ$3Google Books
=942  \\$cPER
=952  \\$00$10$2ddc$40$6KTS_1_000000000000000_C3_43_11E19B$70$8RAR$93177$aORPH$bORPH$cKTS1_C3$d2020-07-08$eKoopman$oKTS1 C3.43 11E19b$p20146192b$r2021-01-12 00:00:00$w2021-01-12$yPER
=999  \\$d3177

