=LDR  03266aas a2200493   4500
=001  3178
=008  240117s1941\\\\|||s||n|\||||\00|\0\dut\d
=041  \\$adut
=059  \\$ach org
=100  \\$aKist, Florentius Cornelis$d1796-1863$1http://www.wikidata.org/entity/Q22283657$4aut$4edt$4cmp$95825
=245  \\$aNederlandsch muzykaal tijdschrift $nvol. 3, nos. 17-20
=260  \\$aUtrecht$bBosch$c1841
=300  \\$a[32 pages]$bfolded newspaper sections, unbound$escore
=500  \\$aIn a (damaged) marbled cardboard folder with 'Allgemeine musikalische Zeitung' containing pasted manuscript note containing a handwritten mailing list "...for three days' reading time", signed B. Van Berkel 
=500  \\$aEdition of september-october 1841. Continuous pagination  (p.131-162)
=500  \\$aPublished in Utrecht for a decade, the Nederlandsch Muzikaal Tijdschrift was the direct predecessor of Caecilia (1844-1944), the longest running music journal in The Netherlands and one of Europe’s longest lived. Appearing somewhat irregularly, from one to three times each month, the Nederlandsch Muzikaal Tijdschrift was founded to “inform readers about important artistic events at home and abroad...to give impartial reviews of recent compositions...to promote the good, the truth and to be thorough.”
=500  \\$aContains loose folded score of song "Knie Sterbling vor dem Thron" for mixed chorus and organ by editor F.C. Kist 
=501  \\$aBound in with ' Allgemeine musikalische Zeitung, vol. 43 nos. 26-33'
=648  \0$a19th Century (1801-1900)$1http://www.wikidata.org/entity/Q6955$920935
=650  \0$aMusic criticism$1http://www.wikidata.org/entity/Q11748889$921598
=650  \0$aChoral music$1http://www.wikidata.org/entity/Q1076513$94368
=650  \0$aJournalism$1http://www.wikidata.org/entity/Q11030$921960
=650  \0$aMusic history$1http://www.wikidata.org/entity/Q846047$921373
=651  \0$aNetherlands$1http://www.wikidata.org/entity/Q55$9173
=653  \0$aboekprijs$3157$020146192a$w11E19a$929701
=653  \0$abespelen van meer instrumenten$3151$020146192a$w11E19a$929496
=653  \0$aCavaillé-Coll$3162$020146192a$w11E19a$930324
=653  \0$amuziek en geneeskunst$3161, 162$020146192a$w11E19a$935002
=653  \0$amuziek_in Deventer$3159, 160$020146192a$w11E19a$935049
=653  \0$aorganist$3162$020146192a$w11E19a$935454
=653  \0$aorgelregistratie$3162$020146192a$w11E19a$935575
=653  \0$aorgels in Arnhem$3152$020146192a$w11E19a$935585
=653  \0$aorgels in Deventer$3159$020146192a$w11E19a$935586
=653  \0$aoud-nieuw$3159$020146192a$w11E19a$935651
=653  \0$akoor/orkestbezetting$3152, 153, 159, 160$020146192a$w11E19a$933678
=653  \0$asalaris$3153$020146192a$w11E19a$938697
=653  \0$aMendelssohn, F.$3162$020146192a$w11E19a$934651
=653  \\$aBuys, C.$3150, 151$020146192a$w11E19a$930085
=653  \\$aHoltgräve$3159$020146192a$w11E19a$932868
=653  \\$amuziek in Amsterdam$3160, 161$020146192a$w11E19a$935011
=700  \\$aSeyff, A. P. F. de$4edt$97445
=942  \\$cPER
=952  \\$00$10$2ddc$40$6KTS_1_000000000000000_C3_43_11E19A$70$8RAR$93178$aORPH$bORPH$cKTS1_C3$d2020-07-08$eKoopman$oKTS1 C3.43 11E19a$p20146192a$r2021-01-12 00:00:00$w2021-01-12$yPER
=999  \\$d3178

