=LDR  10974    a2201561   4500
=001  3182
=005  20251003085456.0
=008  220603s1936\\\\||||||||\c|||\00|\0\mul\d
=041  \\$ager$aeng
=100  \\$aHirsch, Paul$d1881-1951$1http://www.wikidata.org/entity/Q2060211$4col$4edt$97450
=245  \\$aKatalog der Musikbibliothek Paul Hirsch, Frankfurt am Main$nvols. 3-4
=260  \\$aFrankfurt am Main$aCambridge$bHirsch$bCambridge University Press$c1936$c1947
=300  \\$a2 vols. ([vii-362 + xxiii-695 pages)$bplates, illustrations, facsililes, music examples, photographs
=500  \\$aPaul Adolf Hirsch was a German industrialist. He was also a musician, bibliophile and musicologist who assembled the largest private music library in Europe. The Hirsch Collection is now housed at the British Library.
=500  \\$aHirsch, an accomplished violinist, took a keen interest in publications concerning all aspects of music—performance, history and theory. In 1896 he began to collect historical musical works, focusing on early printed editions of Haydn, Mozart and Beethoven, 19th-century opera and early theoretical works. In 1922 Hirsch hired musicologist Kathi Meyer (later Meyer-Baer) as a research assistant and opened the library to the public two days a week. Hirsch and Meyer began compiling a catalog of the library contents. 
=500  \\$aThe first three volumes were originally published by Martin Breslauer, Berlin, and were reprinted by Morsum/Sylt:Cicero Presse of Hamburg in 1993. The fourth volume, which includes addenda to the first three, was completed in Cambridge with the help of Edith Schnapper and Hirsch's daughters, Irene Hartogs-Hirsch and Renate Schuster.
Vol. 1: Theoretische Drucke bis 1800. (1928)
Vol. 2: Opern-Partituren. (1930)
Vol. 3: Instrumental- und Vokalmusik bis etwa 1830. (1936)
Vol. 4: Erstausgaben, Chorwerke in Partitur, Gesamtausgaben, Nachschlagewerke etc. Ergänzungen zu Bd. 1–3. Cambridge University Press (1947)
=500  \\$aVol. 3, subtitled "Instrumental- und Vokalmusik bis etwa 1830", was published in 1936 in Frankfurt a.M., in the series 'Veröffentlichungen der Musikbibliothek Paul Hirsch', 2. series, vol. 3
=500  \\$avol. 4, subtitled "Erstausgaben, Chorwerke in Partitur, Gesamtausgaben, Nachschlagwerke etc. Ergänzungen zu Bd. I-III" was published in 1947 in Cambridge
=500  \\$aVol. 4 contains an autograph dedication to Alex Hyatt King:" "... That place, that does contain my books, the best companions, is to me a glorious court, where hourly I converse with the old sages and philosophers..." (John Fletcher). If my friend Alex. H. King replaces the word "old" by "young", this should be a very apt inscription for this copy of my Volume IV. London, at the B.M., January 6th, 1948, Paul Hirsch"
=504  \\$aVol.4 contains indexes
=561  \\$aVol. 4 contains an autograph dedication to Alex Hyatt King
=563  \\$aBound in white vellum, with cardboard front and back cover 
=648  \0$a20th Century (1901-2000)$1http://www.wikidata.org/entity/Q6927$920936
=650  \0$aCollecting$1http://www.wikidata.org/entity/Q208165$92117
=650  \0$aCatalogue$1http://www.wikidata.org/entity/Q2352616$921484
=650  \0$aLibrary$1http://www.wikidata.org/entity/Q7075$94229
=650  \0$aBibliophilia$1http://www.wikidata.org/entity/Q214719$921630
=650  \0$aMusic history$1http://www.wikidata.org/entity/Q846047$921373
=653  \0$a4st bc$3335$020146196$w11E23_03$928380
=653  \0$aa =$3335$020146196$w11E23_03$928388
=653  \0$aad lib bezetting$314, 29, 30, 43, 48, 51, 59, 61, 62, 68-70, 72, 76, 79, 82, 94, 102-104, 112, 119, 122, 139, 144, 145, 148, 150, 152, 158, 169, 170+afb., 171, 174, 198, 209, 266, 305, 311, 321, 327, 339, 342$020146196$w11E23_03$928466
=653  \0$aAgricola$3217$020146196$w11E23_03$928531
=653  \0$aAlbert, H.$3180$020146196$w11E23_03$928558
=653  \0$aAvison, C.$3152$020146196$w11E23_03$928885
=653  \0$aBach, C.P.E. $311-14, 20, 116, 147, 184, 185, 217$020146196$w11E23_03$928903
=653  \0$aBach, J.C.F.$3186$020146196$w11E23_03$928917
=653  \0$aBach, J.Chr. $314-17, 185$020146196$w11E23_03$928920
=653  \0$aBach, J.S. $31, 17-28, 186$020146196$w11E23_03$928930
=653  \0$abezetting_vocaal$3343$020146196$w11E23_03$929535
=653  \0$aBach, W.Fr.$321$020146196$w11E23_03$928998
=653  \0$ablokfluit$3113, 142 afb.$020146196$w11E23_03$929645
=653  \0$aBoccherini, L._celloconc.$344$020146196$w11E23_03$929655
=653  \0$aboekoplage $311-13$020146196$w11E23_03$929700
=653  \0$aboekprijs$392 afb., 93, 101, 132 afb., 160 afb., 208 afb., 332 afb.$020146196$w11E23_03$929701
=653  \0$abc$3151, 164, 289, 324, 335$020146196$w11E23_03$929236
=653  \0$abc -> compositie$3335?$020146196$w11E23_03$929237
=653  \0$aBeethoven, L. v. $330-42, 190, 191$020146196$w11E23_03$929358
=653  \0$acadens$38, 136$020146196$w11E23_03$930106
=653  \0$acastraten$3300$020146196$w11E23_03$930282
=653  \0$acello $374$020146196$w11E23_03$930345
=653  \0$aClérambault$3208 afb., 209$020146196$w11E23_03$930545
=653  \0$aColizzi, J.A.$352$020146196$w11E23_03$930590
=653  \0$acomponeren$3335$020146196$w11E23_03$930621
=653  \0$aNichelmann$3217$020146196$w11E23_03$935221
=653  \0$acomponiste$310, 115, 163, 188, 201? 212, 253, 293, 299, 309, 322, 336$020146196$w11E23_03$930632
=653  \0$aNoëls$3294$020146196$w11E23_03$935261
=653  \0$adansen$312 afb.$020146196$w11E23_03$930928
=653  \0$aOttoboni$3119$020146196$w11E23_03$935648
=653  \0$aoude muziek vroeger$3wb, 175, 217, 238, 331$020146196$w11E23_03$935658
=653  \0$adiminuties$3120, 255$020146196$w11E23_03$931087
=653  \0$aparodie$3293, 300$020146196$w11E23_03$935769
=653  \0$aDoles, J.F.$360$020146196$w11E23_03$931136
=653  \0$adouble$343$020146196$w11E23_03$931169
=653  \0$adrukfout$375, 77, 85, 153, 241, 321$020146196$w11E23_03$931220
=653  \0$aPepusch$354$020146196$w11E23_03$935846
=653  \0$aPetersen, D.$3295$020146196$w11E23_03$935882
=653  \0$adwarsfluit$3142 afb.$020146196$w11E23_03$931340
=653  \0$aPurcell, H.$3144, 145, 300$020146196$w11E23_03$936282
=653  \0$afermate$3288 afb.$020146196$w11E23_03$931664
=653  \0$aForkel, J.N.$321, 65$020146196$w11E23_03$931822
=653  \0$aStradella, A.$3335$020146196$w11E23_03$936616
=653  \0$aFrescobaldi, G.$366$020146196$w11E23_03$931903
=653  \0$aFroberger, J.J.$367, 68$020146196$w11E23_03$931933
=653  \0$agamba $3119, 142 afb., 145, 148, 266$020146196$w11E23_03$931996
=653  \0$aTelemann, G.P.$3162, 335$020146196$w11E23_03$936796
=653  \0$atempo $322$020146196$w11E23_03$936815
=653  \0$agitaar$349, 52, 59, 122, 123, 151$020146196$w11E23_03$932207
=653  \0$agitaar bc$3151$020146196$w11E23_03$932208
=653  \0$atransponeren$3331$020146196$w11E23_03$937072
=653  \0$agregoriaans$3276 afb., 281, 309, 310, 317, 318 afb., 339$020146196$w11E23_03$932368
=653  \0$aHammerschmidt, A.$3238, 239$020146196$w11E23_03$932530
=653  \0$aharp$329, 30, 150, 151, 212, 307, 331$020146196$w11E23_03$932582
=653  \0$aharp bc$3151$020146196$w11E23_03$932583
=653  \0$aUrtext$318, 20, 62$020146196$w11E23_03$937305
=653  \0$aVanhal, J.B.$3172, 173$020146196$w11E23_03$937346
=653  \0$aHaydn, J. $382-101, 175, 242-245$020146196$w11E23_03$932640
=653  \0$avingerzetting$313$020146196$w11E23_03$937568
=653  \0$aviolone$3324$020146196$w11E23_03$937600
=653  \0$aviolone o ...$37, 55, 67, 77, 103, 118, 161-163, 167, 301$020146196$w11E23_03$937603
=653  \0$aHurlebusch, K.F.$3254$020146196$w11E23_03$933021
=653  \0$aVogler, Abbé$3168-171, 340$020146196$w11E23_03$937702
=653  \0$avrijmetselaars$3286, 353$020146196$w11E23_03$937813
=653  \0$ajongenssopraan$3182, 331$020146196$w11E23_03$933241
=653  \0$aKapsberger, J.J.$3255$020146196$w11E23_03$933312
=653  \0$aKittel, J.C.$319$020146196$w11E23_03$933432
=653  \0$aklarinet$310, 143$020146196$w11E23_03$933442
=653  \0$aklavecimbelconcerti$315, 146, 172, 176$020146196$w11E23_03$933531
=653  \0$aklavecimbelles$3141$020146196$w11E23_03$933537
=653  \0$aklavichord_Duitsland 18e eeuw$3117$020146196$w11E23_03$933573
=653  \0$akoor/orkestbezetting$353, 233$020146196$w11E23_03$933678
=653  \0$aRist, J.$3112, 210, 239, 310, 311, 321, 322$020146196$w11E23_03$938468
=653  \0$aKrieger, A.$3261$020146196$w11E23_03$933760
=653  \0$aKühnau, J.$3106 afb., 107, 108$020146196$w11E23_03$933784
=653  \0$alamento$3199, 336, 348$020146196$w11E23_03$933868
=653  \0$aLocatelli, P.$3112, 113, 139$020146196$w11E23_03$934169
=653  \0$aluit$362, 101, 142+afb., 162$020146196$w11E23_03$934262
=653  \0$ascordatura$3114$020146196$w11E23_03$939028
=653  \0$aSelle, T.$3327$020146196$w11E23_03$939047
=653  \0$amandoline$3148$020146196$w11E23_03$934419
=653  \0$aMarpurg, F.W.$325, 116, 117, 217, 274$020146196$w11E23_03$934483
=653  \0$aMascitti, M.$3118-120$020146196$w11E23_03$934507
=653  \0$aMatteis, N.$3120 +afb., 121$020146196$w11E23_03$934533
=653  \0$aMattheson, J.$3121$020146196$w11E23_03$934535
=653  \0$ameer benutten zelfde partituur$3142 afb., 274, 328, 329, 349$020146196$w11E23_03$934589
=653  \0$aMozart, W.A.$3124-137$020146196$w11E23_03$934927
=653  \\$a2 klavier 4-mains$39, 58, 74, 79, 103, 105, 106, 110, 141, 142, 156, 159, 169, 172, 174$928365$020146196$w11E23_03
=653  \\$aBach, J.S._Klavierüb. iii$318$020146196$w11E23_03$928966
=653  \\$aDusterhoop, J.J.$3217$020146196$w11E23_03$931334
=653  \\$aHeyden, S.$3245$020146196$w11E23_03$932767
=653  \\$aHirsch, P._bibliotheek$3wb$020146196$w11E23_03$932798
=653  \\$aJakobi, M.$3254$020146196$w11E23_03$933177
=653  \\$aKnock, A.$3103$020146196$w11E23_03$933648
=653  \\$alaude $3301, 302, 329$020146196$w11E23_03$933932
=653  \\$aPfleger, A.$3226, 295, 296$020146196$w11E23_03$935912
=653  \\$aSchmidlin, J.$3318, 319$020146196$w11E23_03$938893
=653  \\$aSchop, J.$3321, 322$020146196$w11E23_03$938947
=653  \\$aStaden, S.G.$3330$020146196$w11E23_03$936479
=653  \\$aWalther, J.J.$3170 afb., 171$020146196$w11E23_03$937861
=700  \\$aMeyer-Baer, Kathi$d1892-1977$1http://www.wikidata.org/entity/Q11737400$4edt$921005
=942  \\$cBOO
=952  \\$00$10$2ddc$3Band 3$40$6KTS_1_000000000000000_C3_43_11E23III$70$8RAR$93182$aORPH$bORPH$cKTS1_C3$d2020-07-08$eKoopman$i11E23_03$oKTS1 C3.43 11E23-III$p20146196$r2021-01-12 00:00:00$w2021-01-12$yBOO
=952  \\$00$10$2ddc$3Band 4$40$6KTS_1_000000000000000_C3_43_11E23IV$70$8RAR$923131$aORPH$bORPH$cKTS1_C3$d2020-07-08$eKoopman$i11E23_04$l0$oKTS1 C3.43 11E23-IV$p20146197$r2024-01-17 00:00:00$w2021-01-12$yBOO
=999  \\$d3182

