=LDR  01429acm a2200265   4500
=001  3183
=008  240117s1785\\\\|||||l||\||||\00|\0\lat\d
=041  \\$alat
=059  \\$av
=245  \\$aManuale chori, seu Vesperale Romanum una cum Officio Trium posteriorum dierum Hebdomadæ Majoris
=260  \\$aPorrentruy$bGoetsch$c1785
=300  \\$axxxii-464-civ pages$bleather bound, red edges
=590  \\$aeditum ad usum diocesis Basileensis jussu. Reverendissimi ac Celsissimi Domini, Domini Josephi Episcopi Basileensis, Sacra Romani Imperii Prinicipis &c. &c.
=648  \0$a18th Century (1701-1800)$1http://www.wikidata.org/entity/Q7015$920899
=650  \0$aPlainchant$1http://www.wikidata.org/entity/Q2707688$921363
=650  \0$aChurch music$1http://www.wikidata.org/entity/Q8812109$92283
=650  \0$aVocal music$1http://www.wikidata.org/entity/Q685884$93319
=650  \0$aLiturgy$1http://www.wikidata.org/entity/Q172331$92284
=650  \0$aReligion$1http://www.wikidata.org/entity/Q9174$93062
=650  \0$aVespers$1http://www.wikidata.org/entity/Q827135$93370
=651  \0$aBasel (Switzerland)$1http://www.wikidata.org/entity/Q78$921311
=856  \\$uhttps://books.google.be/books?id=An3-XP6ePKEC$3Google Books
=942  \\$cSCO
=952  \\$00$10$2ddc$40$6KTS_1_000000000000000_C3_43_11E24$70$8RAR$93183$aORPH$bORPH$cKTS1_C3$d2020-07-08$eKoopman$l0$oKTS1 C3.43 11E24$p20146198$r2021-01-12 00:00:00$w2021-01-12$ySCO
=999  \\$d3183

