=LDR  06320aam a2201021   4500
=001  3190
=008  210629s1825\\\\\\\|||||\||||\00|\0\ger\d
=041  \\$ager
=100  \\$aThibaut, Anton Friedrich Justus$d1772-1840$4aut$1http://www.wikidata.org/entity/Q60865$97455
=245  \\$aUeber Reinheit der Tonkunst
=250  \\$a1st ed.
=260  \\$aHeidelberg$bMohr$c1825
=300  \\$a125 pages$billustration
=500  \\$aContains a delicate portrait of Palestrina
=520  \\$aThibaut, a man of strong personality, was much more than a jurist: he has a place in the history of music. Palestrina and the early composers of church music were his delight; and in 1824 he published, anonymously, Über die Reinheit der Tonkunst (Purity of Music), in which he eulogized the music of Palestrina and Handel against post-Mozartian church music, "which he considered not only impure and immoral, but also unnatural, submitting to the secular, arrogant and idle trends of modern music, and deprived of the simple, childlike melodies which naturally spring from the people (or so he imagined)." (Björn Schmelzer, 'The Monstrosity of Early Music: Revivalism and the Excess of Musical Survivals', Bäsler Jahrbuch für historische Musikpraxis 2024, 367-404: 374). He was an ardent collector of old compositions, and often sent young men to Italy, at his own expense, to discover interesting musical manuscripts.
=561  \\$aEx Libris H. O. (Plate)
=600  \0$aPalestrina, Giovanni Pierluigi da$dc. 1525-1594$1http://www.wikidata.org/entity/Q179277$910834
=600  \0$aHandel, George Frideric$d1685-1759$1http://www.wikidata.org/entity/Q7302$94765
=648  \0$a19th Century (1801-1900)$1http://www.wikidata.org/entity/Q6955$920935
=648  \0$aRenaissance (1400-1600)$1http://www.wikidata.org/entity/Q4692$920965
=650  \0$aMusic history$1http://www.wikidata.org/entity/Q846047$921373
=650  \0$aMusic theory$1http://www.wikidata.org/entity/Q193544$92662
=650  \0$aMusic criticism$1http://www.wikidata.org/entity/Q11748889$921598
=650  \0$aEarly music$1http://www.wikidata.org/entity/Q436016$93160
=650  \0$aAccuracy$1http://www.wikidata.org/entity/Q272035$922903
=651  \0$aGermany$1http://www.wikidata.org/entity/Q183$9155
=653  \0$aa capella$313, 14$020136806$w11F03$928392
=653  \0$aad lib bezetting$367, 69, 70$020136806$w11F03$928466
=653  \0$aafwisseling$340, 52$020136806$w11F03$928514
=653  \0$aAnerio$396$020136806$w11F03$928693
=653  \0$aBach, J.S._na dood$334, 37, 90, 93, 101$020136806$w11F03$928973
=653  \0$abibliotheek$316-118$020136806$w11F03$929548
=653  \0$aboekprijs$3127$020136806$w11F03$929701
=653  \0$abc$365, 76$020136806$w11F03$929236
=653  \0$aBeethoven$3106-109$020136806$w11F03$929355
=653  \0$aBenevoli, O.$396$020136806$w11F03$929425
=653  \0$aBertoni$3101$020136806$w11F03$929481
=653  \0$aCaldara, A.$314, 40, 43, 65, 78, 101$020136806$w11F03$930130
=653  \0$aCarissimi$396$020136806$w11F03$930243
=653  \0$aCherubini$316, 17, 44$020136806$w11F03$930430
=653  \0$aNaumann$399$020136806$w11F03$935158
=653  \0$acompositieloon$311$020136806$w11F03$930641
=653  \0$acontrabas$375$020136806$w11F03$930692
=653  \0$aorgel in eredienst$314, 19, 20$020136806$w11F03$935479
=653  \0$aoud-nieuw$3wb, 33, 38-40, 44, 52, 76, 79-einde$020136806$w11F03$935651
=653  \0$aoude muziek vroeger$37-10 etc., 12, 31, 36-45$020136806$w11F03$935658
=653  \0$aPalestrina$3naast tp, 8, 16, 24, 31, 34, 41, 45, 78, 90, 95, 96, 119$020136806$w11F03$935723
=653  \0$adirigent$3119-122$020136806$w11F03$931092
=653  \0$aPergolesi$314, 40, 104-106$020136806$w11F03$935854
=653  \0$aDurante$39, 14, 31, 40, 65, 78, 100$020136806$w11F03$931319
=653  \0$aemoties$318, 19, 40, 52, 57, 63, 96$020136806$w11F03$931445
=653  \0$apubliek$346-49, 53$020136806$w11F03$936257
=653  \0$aForkel, N.$336, 37$020136806$w11F03$931823
=653  \0$aGlück$344, 95$020136806$w11F03$932236
=653  \0$aGraun$395, 101$020136806$w11F03$932339
=653  \0$atrompet$375$020136806$w11F03$937194
=653  \0$aharp$359$020136806$w11F03$932582
=653  \0$aValotti$340$020136806$w11F03$937331
=653  \0$aHasse, J.A.$38, 100, 101$020136806$w11F03$932608
=653  \0$aHaydn, J.$311, 44$020136806$w11F03$932639
=653  \0$aHaydn, M.$311$020136806$w11F03$932645
=653  \0$aHomilius$395$020136806$w11F03$932877
=653  \0$avoc.-instr. muziek$354, 71$020136806$w11F03$937677
=653  \0$avolume$356, 58, 59, 69$020136806$w11F03$937724
=653  \0$ajongenssopraan$360, 69$020136806$w11F03$933241
=653  \0$aJosquin$342, 119$020136806$w11F03$933255
=653  \0$akerkmuziek$35-einde, 23, 42$020136806$w11F03$933370
=653  \0$akoraal en tussenspelen$319 (?)$020136806$w11F03$933704
=653  \0$aLasso, O. di $38, 24, 30, 34, 42, 81, 90, 119$020136806$w11F03$933916
=653  \0$aLeo, L.$314, 40$020136806$w11F03$934052
=653  \0$aScarlatti, A.$39, 59, 100$020136806$w11F03$938789
=653  \0$aLotti, A.$38, 24, 31, 34, 41, 78, 82, 90, 101$020136806$w11F03$934227
=653  \0$aSenfl, H.$38, 31, 80, 119$020136806$w11F03$939056
=653  \0$aslagwerk$350, 51$020136806$w11F03$939152
=653  \0$aMarcello, B.$340, 93, 96, 97$020136806$w11F03$934447
=653  \0$amorales$38, 35$020136806$w11F03$934864
=653  \0$aMozart, W.A.$311, 44, 65-67, 92, 93, 95, 96, 101, 109, 110$020136806$w11F03$934927
=653  \\$aBernabei$396$020136806$w11F03$929450
=653  \\$acompositieduur$379$020136806$w11F03$930634
=653  \\$acouperen v. opera etc.$379$020136806$w11F03$930782
=653  \\$aFoggia$396$020136806$w11F03$931791
=653  \\$aGallus$396$020136806$w11F03$931991
=653  \\$aHändel, G.F._na dood$318, 36, 37, 40, 44, 45, 49, 50, 62-70, 79, 82-90, 92, 93, 95, 100, 110$020136806$w11F03$932543
=653  \\$aVittoria$396$020136806$w11F03$937648
=856  \\$uhttps://digi.ub.uni-heidelberg.de/diglit/thibaut1825/0001/thumbs$3University Library Heidelberg
=942  \\$cBOO
=952  \\$00$10$2ddc$40$6KTS_1_000000000000000_C1_12_11F03$70$8RAR$93190$aORPH$bORPH$cKTS1_C1$d2020-07-08$eKoopman$oKTS1 C1.12 11F03$p20136806$r2021-01-12 00:00:00$w2021-01-12$yBOO
=999  \\$d3190

