=LDR  01503    a2200313   4500
=001  3193
=005  20250923161050.0
=008  210629s1780\\\\\\\|||||\||||\00|\0\ger\d
=041  \\$ager
=059  \\$aSATB
=245  \\$aDie Psalmen und Festlieder für den öffentlichen Gottesdienst der Stadt und Landschaft Bern
=260  \\$aBern$bs.n.$c1780
=300  \\$a535-[13]-179-[37] pages$billustration, Top edge gilt, metal locks, wrapped in cardboard box
=336  \\$anotated music
=336  \\$aprinted
=500  \\$a150 Psalms & 46 choir songs for religeous festivities,  all for SATB, as well as some prayers and advice on musical execution.
=500  \\$aVocal parts printed consecutively
=500  \\$afor a later ed., see https://books.google.be/books?id=Ukk-AAAAcAAJ
=504  \\$aindex
=561  \\$aEx Libris Marianna Obrist von Aarwangen 1816 (manuscript)
=648  \0$a18th Century (1701-1800)$1http://www.wikidata.org/entity/Q7015$920899
=650  \0$aPsalm$1http://www.wikidata.org/entity/Q12497663$92164
=650  \0$aSong$1http://www.wikidata.org/entity/Q7366$94164
=650  \0$aPrayer$1http://www.wikidata.org/entity/Q40953$921486
=651  \0$aBern (Switzerland)$1http://www.wikidata.org/entity/Q70$921795
=942  \\$cSCO
=952  \\$00$10$2ddc$40$6KTS_1_000000000000000_C1_12_11F06$70$8RAR$93193$aORPH$bORPH$cKTS1_C1$d2020-07-08$eKoopman$i11F06$l0$oKTS1 C1.12 11F06$p20136809$r2021-01-12 00:00:00$w2021-01-12$yBOO
=999  \\$c3193$d3193
=533  \\$aDigitized by iGuana, Spring 2025.

