=LDR  03202    a2200421   4500
=001  3194
=008  210629s1732\\\\\\\|||||\||||\00|\0\ger\d
=041  \\$ager
=100  \\$aSlevogt, Gottlieb$dabout 1694-1732$4aut$97457
=245  \\$aGründliche Untersuchung von denen Rechten der Altäre, Tauf-Steine, Beicht-Stühle, Predigt-Stühle, Kirch-Stunde, Gottes-Künsten, Orgeln, Kirchen-Musik, Glocken, Thürmer und Gottes-Aecker$baus dem Canonischen und Protestantischen Kirchen-Recht erläutert
=260  \\$aJena$bRitter$c1732
=300  \\$a[xxxii]-517-[7] pages$bfrontispiece black & red, illustration, leather cover
=336  \\$abook
=336  \\$aprinted
=500  \\$aSlevogt was born at the end of the 17th century (details conspicuously unknown) in Jena, where he studied, received his doctorate in 1716 and devoted himself to the practice of law. He died in February 1732 as a ducal Altenburg court and government advocate and imperial comes palatinus, but left behind a heavy burden of debt, so that his family declined completely. Slevogt's writings belong mainly to Protestant canon law, which they treat sometimes historically-archaeologically, sometimes practically. His German work on the law of the altars combines both points of view with a mildly reasonable appreciation and toleration of all ceremonial activity.
=504  \\$aindex
=590  \\$anebst einer Einleitung von der innerlichen und äusserlichen Gestalt der ersten Kirchen. Mit einer Vorrede Herrn Just Henning Böhmers, weitberühmten ICti, königl. Preußischen Hochbetrauten Geheimbden Raths und Directoris der Königl. Friedrichs-Universität zu Halle, wie auch Prof. Publ. Ordinarii, von dem Schaden der Menschen-Satzungen bey dem Kirchen-Wesen
=648  \0$a18th Century (1701-1800)$1http://www.wikidata.org/entity/Q7015$920899
=650  \0$aReligion$1http://www.wikidata.org/entity/Q9174$93062
=650  \0$aLaw$1http://www.wikidata.org/entity/Q7748$93727
=650  \0$aApplied arts$1http://www.wikidata.org/entity/Q2865882$921627
=650  \0$aArchitecture$1http://www.wikidata.org/entity/Q12271$93185
=651  \0$aGermany$1http://www.wikidata.org/entity/Q183$9155
=653  \0$abibliotheek$333$020136810$w11F07$929548
=653  \0$abeiaard/klokken$3tp, 21, 22, 470-476$020136810$w11F07$929386
=653  \0$acantate_lengte/duur$3516$020136810$w11F07$930190
=653  \0$aorgel$3tp, 19$020136810$w11F07$935465
=653  \0$aorgel in eredienst$3471$020136810$w11F07$935479
=653  \0$aorgel in middeleeuwen$319$020136810$w11F07$935482
=653  \0$apiëtisme$3513$020136810$w11F07$935972
=653  \0$akerkmuziek$3469-476, 516$020136810$w11F07$933370
=653  \\$aLandestrauer_geen kerkmuziek$3470, 471$020136810$w11F07$933881
=653  \\$aTe Deum$3470$923511$020136810$w11F07
=653  \\$aVerona_S. Zeno$328, 29$020136810$w11F07$937449
=856  \\$uhttps://reader.digitale-sammlungen.de/de/fs1/object/display/bsb11255474_00006.html$3Bavarian State Library
=942  \\$cBOO
=952  \\$00$10$2ddc$40$6KTS_1_000000000000000_C1_12_11F07$70$8RAR$93194$aORPH$bORPH$cKTS1_C1$d2020-07-08$eKoopman$i11F07$l0$oKTS1 C1.12 11F07$p20136810$r2021-01-12 00:00:00$w2021-01-12$yBOO
=999  \\$c3194$d3194

