=LDR  01989    a2200301   4500
=001  3195
=008  210629s1614\\\\\\\|||||\||||\00|\0\dut\d
=041  \\$adut
=100  \\$aSpieghel, Hendrik Laurensz$d1549-1612$4aut$1http://www.wikidata.org/entity/Q262254$97458
=245  \\$aRederijck-kunst in rijm opt kortst vervat$bHier by ghevoeght de redenkaveling ende letter-kunsts grondvesten. Uytghegheven by de Kamer in Liefd' Bloeyende t'Amstelredam
=260  \\$aAmsterdam$bBarentz$c1614
=300  \\$bfolded page$a32 pages
=336  \\$abook
=336  \\$aprinted
=500  \\$aOriginally published in 1587
=500  \\$acontains note (in pencil) at the back: "zelfstandig onderdeel van de Twe-Spraack van de Nederduitsche letterkunst, eerder uitgegeven in 1587, voor het eerst verzameld in 1614" (independent part of the Twe-Spraack of the Nederduitsche letterkunst, previously published in 1587, first collected in 1614)
=500  \\$aThe Twe-spraack is the first grammar of Dutch, published in 1584.
This" Rederijck-kunst" has page-numbers 257 to 283, which suggests the chapter was taken out of the Twe-spraack and bound in anew with an introduction addressed to the Chambers of Rhetoric.
=648  \0$a16th Century (1501-1600)$1http://www.wikidata.org/entity/Q7017$920944
=650  \0$aPoetry$1http://www.wikidata.org/entity/Q482$93026
=650  \0$aLinguistics$1http://www.wikidata.org/entity/Q8162$93902
=650  \0$aLiterature$1http://www.wikidata.org/entity/Q8242$94439
=650  \0$aRhetoric$1http://www.wikidata.org/entity/Q81009$93894
=650  \0$aMethod$1http://www.wikidata.org/entity/Q2250960$921402
=651  \0$aNetherlands$1http://www.wikidata.org/entity/Q55$9173
=856  \\$uhttps://books.google.be/books?id=HS8VvwEACAAJ$3Google Books
=942  \\$cBOO
=952  \\$00$10$2ddc$40$6KTS_1_000000000000000_C1_12_11F08$70$8RAR$93195$aORPH$bORPH$cKTS1_C1$d2020-07-08$eKoopman$i11F08$l0$oKTS1 C1.12 11F08$p20136821$r2021-01-12 00:00:00$w2021-01-12$yBOO
=999  \\$c3195$d3195

