=LDR  01235    a2200253   4500
=001  3197
=008  210629s1707\\\\\\\|||||\||||\00|\0\ger\d
=041  \\$ager
=245  \\$aEinleitung zur Nachricht von Städten des Heil. Röm. Reichs Deutscher Nation
=260  \\$aHalle$bs.n.$c1709 [?]
=300  \\$a174 pages$billustration
=336  \\$abook
=336  \\$aprinted
=501  \\$aKurze Nachricht von der Stadt Halle
Kurze Nachricht von der Stadt Leipzig
=648  \0$a18th Century (1701-1800)$1http://www.wikidata.org/entity/Q7015$920899
=650  \0$aHistory$1http://www.wikidata.org/entity/Q309$921403
=650  \0$aGeography$1http://www.wikidata.org/entity/Q1071$921798
=651  \0$aGermany$1http://www.wikidata.org/entity/Q183$9155
=653  \\$astad$3wb$020136823$w11F10$936474
=773  \\$03197$tEinleitung zur Nachricht von Städten des Heil. Röm. Reichs Deutscher Nation$w3197
=856  \\$uhttps://reader.digitale-sammlungen.de/de/fs1/object/display/bsb10918675_00005.html$3Bavarian State Library
=942  \\$cBOO
=952  \\$00$10$2ddc$40$6KTS_1_000000000000000_C1_12_11F10$70$8RAR$93197$aORPH$bORPH$cKTS1_C1$d2020-07-08$eKoopman$i11F10$l0$oKTS1 C1.12 11F10$p20136823$r2021-01-12 00:00:00$w2021-01-12$yBOO
=999  \\$c3197$d3197

