=LDR  08350    a2200913   4500
=001  3198
=008  210629s1709\\\\\\\|||||\||||\00|\0dger\d
=041  \\$ager
=100  \\$aGottschling, Caspar$4aut$97459
=245  \\$aKurze Nachricht von der Stadt Halle,$b und absonderlich von der Universität daselbst
=260  \\$aHalle$bs.n.$c1709
=300  \\$a2 vols. ([ii]-156-[11]+160 pages)$bill.
=336  \\$aprinted
=501  \\$aEinleitung zur Nachricht von Städten des Heil. Röm. Reichs Deutscher Nation
Kurze Nachricht von der Stadt Leipzig
=648  \0$a18th Century (1701-1800)$1http://www.wikidata.org/entity/Q7015$920899
=650  \0$aHistory$1http://www.wikidata.org/entity/Q309$921403
=650  \0$aEducation$926206
=651  \0$aHalle (Saale, Germany)$1http://www.wikidata.org/entity/Q2814$921799
=651  \0$aLeipzig (Germany)$1http://www.wikidata.org/entity/Q2079$945
=653  \0$abibliotheek$399, 102$0$w11F10a$929548
=653  \0$aboekbinden$3167$0$w11F10a$929675
=653  \0$amuziek (algemeen)$332, 33$0$w11F10a$934992
=653  \0$amuziek (algemeen)$327?$0$w11F10b$934992
=653  \0$aNeumeister$3162$0$w11F10a$935210
=653  \0$adansen $3164$0$w11F10a$930929
=653  \0$apest$356$0$w11F10b$935876
=653  \0$aentreegeld$347$0$w11F10b$931490
=653  \0$afondscatalogus$3157-167$0$w11F10a$931799
=653  \0$aUffenbach, Z.C. von$3147$0$w11F10a$937274
=653  \0$aWagenseil$3122$0$w11F10a$937831
=653  \0$asalaris$327, 30, 32$0$w11F10b$938697
=653  \0$aLeipzig_universteit$316-101$0$w11F10b$934030
=653  \0$aLübeck$3162$0$w11F10a$934243
=653  \\$aBörner, C.F.$3159$0$w11F10b$929796
=653  \\$aDieskau, C.H.v.$330$0$w11F10a$931070
=653  \\$aErnesti, H.$353, 158, 159$0$w11F10b$931513
=653  \\$aFranck, A.H.$325, 75, 159$0$w11F10a$931852
=653  \\$aHalle_universiteit$320-156$0$w11F10a$932517
=653  \\$aLeopold I$341-56$922858$0$w11F10a
=653  \\$aMencke, B.$3141$0$w11F10a$934642
=653  \\$aMencke, B.$3159$0$w11F10b$934642
=653  \\$aMencke, L.$3157, 158$0$w11F10b$934646
=653  \\$aMencke, O.$3142-144$0$w11F10b$934647
=653  \\$aOlearius, J.$3153-155$0$w11F10b$935369
=653  \\$aPagendarm, B.H.$3152$0$w11F10a$935709
=942  \\$cBOO
=952  \\$00$10$2ddc$40$6KTS_1_000000000000000_C1_12_11F10A$70$8RAR$93198$aORPH$bORPH$cKTS1_C1$d2020-07-08$eKoopman$i11F10a$l0$oKTS1 C1.12 11F10a$r2021-01-12 00:00:00$w2021-01-12$yBOO
=952  \\$00$10$2ddc$40$6KTS_1_000000000000000_C1_12_11F10B$70$8RAR$93199$aORPH$bORPH$cKTS1_C1$d2020-07-08$eKoopman$i11F10b$l0$oKTS1 C1.12 11F10b$r2021-01-12 00:00:00$w2021-01-12$yBOO
=952  \\$00$10$2ddc$40$6KTS_1_000000000000000_C1_12_11F10A$70$8RAR$924097$aORPH$bORPH$cKTS1_C1$d2020-07-08$eKoopman$i11F10a$l0$oKTS1 C1.12 11F10a$r2021-01-12 00:00:00$w2021-01-12$yBOO
=952  \\$00$10$2ddc$40$6KTS_1_000000000000000_C1_12_11F10B$70$8RAR$924098$aORPH$bORPH$cKTS1_C1$d2020-07-08$eKoopman$i11F10b$l0$oKTS1 C1.12 11F10b$r2021-01-12 00:00:00$w2021-01-12$yBOO
=952  \\$00$10$2ddc$40$6KTS_1_000000000000000_C1_12_11F10A$70$8RAR$924243$aORPH$bORPH$cKTS1_C1$d2020-07-08$eKoopman$i11F10a$l0$oKTS1 C1.12 11F10a$r2021-01-12 00:00:00$w2021-01-12$yBOO
=952  \\$00$10$2ddc$40$6KTS_1_000000000000000_C1_12_11F10B$70$8RAR$924244$aORPH$bORPH$cKTS1_C1$d2020-07-08$eKoopman$i11F10b$l0$oKTS1 C1.12 11F10b$r2021-01-12 00:00:00$w2021-01-12$yBOO
=952  \\$00$10$2ddc$40$6KTS_1_000000000000000_C1_12_11F10A$70$8RAR$924245$aORPH$bORPH$cKTS1_C1$d2020-07-08$eKoopman$i11F10a$l0$oKTS1 C1.12 11F10a$r2021-01-12 00:00:00$w2021-01-12$yBOO
=952  \\$00$10$2ddc$40$6KTS_1_000000000000000_C1_12_11F10B$70$8RAR$924246$aORPH$bORPH$cKTS1_C1$d2020-07-08$eKoopman$i11F10b$l0$oKTS1 C1.12 11F10b$r2021-01-12 00:00:00$w2021-01-12$yBOO
=952  \\$00$10$2ddc$40$6KTS_1_000000000000000_C1_12_11F10A$70$8RAR$924557$aORPH$bORPH$cKTS1_C1$d2020-07-08$eKoopman$i11F10a$l0$oKTS1 C1.12 11F10a$r2021-01-12 00:00:00$w2021-01-12$yBOO
=952  \\$00$10$2ddc$40$6KTS_1_000000000000000_C1_12_11F10B$70$8RAR$924558$aORPH$bORPH$cKTS1_C1$d2020-07-08$eKoopman$i11F10b$l0$oKTS1 C1.12 11F10b$r2021-01-12 00:00:00$w2021-01-12$yBOO
=952  \\$00$10$2ddc$40$6KTS_1_000000000000000_C1_12_11F10A$70$8RAR$924559$aORPH$bORPH$cKTS1_C1$d2020-07-08$eKoopman$i11F10a$l0$oKTS1 C1.12 11F10a$r2021-01-12 00:00:00$w2021-01-12$yBOO
=952  \\$00$10$2ddc$40$6KTS_1_000000000000000_C1_12_11F10B$70$8RAR$924560$aORPH$bORPH$cKTS1_C1$d2020-07-08$eKoopman$i11F10b$l0$oKTS1 C1.12 11F10b$r2021-01-12 00:00:00$w2021-01-12$yBOO
=952  \\$00$10$2ddc$40$6KTS_1_000000000000000_C1_12_11F10A$70$8RAR$924561$aORPH$bORPH$cKTS1_C1$d2020-07-08$eKoopman$i11F10a$l0$oKTS1 C1.12 11F10a$r2021-01-12 00:00:00$w2021-01-12$yBOO
=952  \\$00$10$2ddc$40$6KTS_1_000000000000000_C1_12_11F10B$70$8RAR$924562$aORPH$bORPH$cKTS1_C1$d2020-07-08$eKoopman$i11F10b$l0$oKTS1 C1.12 11F10b$r2021-01-12 00:00:00$w2021-01-12$yBOO
=952  \\$00$10$2ddc$40$6KTS_1_000000000000000_C1_12_11F10A$70$8RAR$924563$aORPH$bORPH$cKTS1_C1$d2020-07-08$eKoopman$i11F10a$l0$oKTS1 C1.12 11F10a$r2021-01-12 00:00:00$w2021-01-12$yBOO
=952  \\$00$10$2ddc$40$6KTS_1_000000000000000_C1_12_11F10B$70$8RAR$924564$aORPH$bORPH$cKTS1_C1$d2020-07-08$eKoopman$i11F10b$l0$oKTS1 C1.12 11F10b$r2021-01-12 00:00:00$w2021-01-12$yBOO
=952  \\$00$10$2ddc$40$6KTS_1_000000000000000_C1_12_11F10A$70$8RAR$926192$aORPH$bORPH$cKTS1_C1$d2020-07-08$eKoopman$i11F10a$l0$oKTS1 C1.12 11F10a$r2021-01-12 00:00:00$w2021-01-12$yBOO
=952  \\$00$10$2ddc$40$6KTS_1_000000000000000_C1_12_11F10B$70$8RAR$926193$aORPH$bORPH$cKTS1_C1$d2020-07-08$eKoopman$i11F10b$l0$oKTS1 C1.12 11F10b$r2021-01-12 00:00:00$w2021-01-12$yBOO
=952  \\$00$10$2ddc$40$6KTS_1_000000000000000_C1_12_11F10A$70$8RAR$926194$aORPH$bORPH$cKTS1_C1$d2020-07-08$eKoopman$i11F10a$l0$oKTS1 C1.12 11F10a$r2021-01-12 00:00:00$w2021-01-12$yBOO
=952  \\$00$10$2ddc$40$6KTS_1_000000000000000_C1_12_11F10B$70$8RAR$926195$aORPH$bORPH$cKTS1_C1$d2020-07-08$eKoopman$i11F10b$l0$oKTS1 C1.12 11F10b$r2021-01-12 00:00:00$w2021-01-12$yBOO
=952  \\$00$10$2ddc$40$6KTS_1_000000000000000_C1_12_11F10A$70$8RAR$926196$aORPH$bORPH$cKTS1_C1$d2020-07-08$eKoopman$i11F10a$l0$oKTS1 C1.12 11F10a$r2021-01-12 00:00:00$w2021-01-12$yBOO
=952  \\$00$10$2ddc$40$6KTS_1_000000000000000_C1_12_11F10B$70$8RAR$926197$aORPH$bORPH$cKTS1_C1$d2020-07-08$eKoopman$i11F10b$l0$oKTS1 C1.12 11F10b$r2021-01-12 00:00:00$w2021-01-12$yBOO
=952  \\$00$10$2ddc$40$6KTS_1_000000000000000_C1_12_11F10A$70$8RAR$926198$aORPH$bORPH$cKTS1_C1$d2020-07-08$eKoopman$i11F10a$l0$oKTS1 C1.12 11F10a$r2021-01-12 00:00:00$w2021-01-12$yBOO
=952  \\$00$10$2ddc$40$6KTS_1_000000000000000_C1_12_11F10B$70$8RAR$926199$aORPH$bORPH$cKTS1_C1$d2020-07-08$eKoopman$i11F10b$l0$oKTS1 C1.12 11F10b$r2021-01-12 00:00:00$w2021-01-12$yBOO
=952  \\$00$10$2ddc$40$6KTS_1_000000000000000_C1_12_11F10A$70$8RAR$926200$aORPH$bORPH$cKTS1_C1$d2020-07-08$eKoopman$i11F10a$l0$oKTS1 C1.12 11F10a$r2021-01-12 00:00:00$w2021-01-12$yBOO
=952  \\$00$10$2ddc$40$6KTS_1_000000000000000_C1_12_11F10B$70$8RAR$926201$aORPH$bORPH$cKTS1_C1$d2020-07-08$eKoopman$i11F10b$l0$oKTS1 C1.12 11F10b$r2021-01-12 00:00:00$w2021-01-12$yBOO
=952  \\$00$10$2ddc$40$6KTS_1_000000000000000_C1_12_11F10A$70$8RAR$926202$aORPH$bORPH$cKTS1_C1$d2020-07-08$eKoopman$i11F10a$l0$oKTS1 C1.12 11F10a$r2021-01-12 00:00:00$w2021-01-12$yBOO
=952  \\$00$10$2ddc$40$6KTS_1_000000000000000_C1_12_11F10B$70$8RAR$926203$aORPH$bORPH$cKTS1_C1$d2020-07-08$eKoopman$i11F10b$l0$oKTS1 C1.12 11F10b$r2021-01-12 00:00:00$w2021-01-12$yBOO
=952  \\$00$10$2ddc$40$6KTS_1_000000000000000_C1_12_11F10A$70$8RAR$926204$aORPH$bORPH$cKTS1_C1$d2020-07-08$eKoopman$i11F10a$l0$oKTS1 C1.12 11F10a$r2021-01-12 00:00:00$w2021-01-12$yBOO
=952  \\$00$10$2ddc$40$6KTS_1_000000000000000_C1_12_11F10B$70$8RAR$926205$aORPH$bORPH$cKTS1_C1$d2020-07-08$eKoopman$i11F10b$l0$oKTS1 C1.12 11F10b$r2021-01-12 00:00:00$w2021-01-12$yBOO
=952  \\$00$10$2ddc$40$6KTS_1_000000000000000_C1_12_11F10A$70$8RAR$926206$aORPH$bORPH$cKTS1_C1$d2020-07-08$eKoopman$i11F10a$l0$oKTS1 C1.12 11F10a$r2021-01-12 00:00:00$w2021-01-12$yBOO
=952  \\$00$10$2ddc$40$6KTS_1_000000000000000_C1_12_11F10B$70$8RAR$926207$aORPH$bORPH$cKTS1_C1$d2020-07-08$eKoopman$i11F10b$l0$oKTS1 C1.12 11F10b$r2021-01-12 00:00:00$w2021-01-12$yBOO
=999  \\$d3198

