=LDR  01296    a2200265   4500
=001  3204
=005  20251001162233.0
=008  210701s1827\\\\\\\|||||\||||\00|\0\ger\d
=041  \\$ager
=100  \\$aGriepenkerl, Friedrich Conrad$d1782-1849$4aut$1http://www.wikidata.org/entity/Q1460491$95363
=245  \\$aLehrbuch der Ästhetik$bin zwei Theilen
=260  \\$aBraunschweig$bBieweg$c1827
=300  \\$aix-524 pages
=336  \\$abook
=336  \\$aprinted
=500  \\$aOriginally published in 1826
=500  \\$aGriepenkerl (1782-1849) was professor of philosophical and fine sciences in Braunschweig, as well as founder of a Singakademie where Bach's chorales and H-moll-Messe were performed
=648  \0$a19th Century (1801-1900)$1http://www.wikidata.org/entity/Q6955$920935
=650  \0$aAesthetics$1http://www.wikidata.org/entity/Q35986$921494
=650  \0$aPhilosophy$1http://www.wikidata.org/entity/Q5891$92357
=651  \0$aBrunswick (Germany)$1http://www.wikidata.org/entity/Q2773$950
=856  \\$uhttps://books.google.be/books?id=Rb9lSQAACAAJ$3Google Books
=942  \\$cBOO
=952  \\$00$10$2ddc$40$6KTS_1_000000000000000_C1_12_11F15$70$8RAR$93204$aORPH$bORPH$cKTS1_C1$d2020-07-08$eKoopman$i11F15$l0$oKTS1 C1.12 11F15$p20136827$r2021-01-12 00:00:00$w2021-01-12$yBOO
=999  \\$c3204$d3204

