=LDR  01485    a2200265   4500
=001  3205
=005  20251003085456.0
=008  210714s1800\\\\\\\|||||\||||\00|\0\ger\d
=041  \\$ager
=100  \\$aWeigel, Johann August Gottlob$d1773-1846$4aut$1http://www.wikidata.org/entity/Q55136709$97464
=245  \\$aVerzeichniss einer ansehnlichen Kupferstich-Sammlung
=260  \\$aLeipzig$bRost$c1800
=300  \\$axii-604 pages
=336  \\$abook
=336  \\$aprinted
=500  \\$ain a series of auction catalogs issued by Rost, no. 21
=590  \\$aenthaltend Blätter alter und neuer berühmter Meister aus allen Schulen, nebst einigen Handzeichnungen, Kunstbüchern und Kupferstichen unter Glas: davon der öffentliche Verkauf den 9. März 1801 ... durch den verpflichteten Universitäts-Proclamator Herrn Weigel ... gehalten werden soll
=648  \0$a18th Century (1701-1800)$1http://www.wikidata.org/entity/Q7015$920899
=650  \0$aCatalogue$1http://www.wikidata.org/entity/Q2352616$921484
=650  \0$aFine art$1http://www.wikidata.org/entity/Q219625$921579
=710  \\$aRostische Kunsthandlung (Leipzig, Germany)$921925
=856  \\$uhttps://digi.ub.uni-heidelberg.de/diglit/rostischekunsthandlung1799bd18/0001/thumbs$3University Library Heidelberg
=942  \\$cBOO
=952  \\$00$10$2ddc$40$6KTS_1_000000000000000_C1_20_11F16$70$8RAR$93205$aORPH$bORPH$cKTS1_C1$d2020-07-08$eKoopman$i11F16$l0$oKTS1 C1.20 11F16$p20137003$r2021-01-12 00:00:00$w2021-01-12$yBOO
=999  \\$c3205$d3205

