=LDR  01164    a2200265   4500
=001  3206
=008  210714s1843\\\\\\\||k||\||||\00|\0\fre\d
=041  \\$afre
=059  \\$avv
=245  \\$aLes Psaumes de David,  à quatre parties, avec les cantiques sacrés, pour les principales solennités des chrétiens
=250  \\$arev. ed.
=260  \\$aNeuchâtel$bGerster$c1843
=300  \\$a23-708 pages$bgilded edges
=336  \\$anotated music
=336  \\$aprinted
=500  \\$aprefaced by a basic survey of music theory
=590  \\$aNouvelle édition, revue et exactement corrigée
=648  \0$a19th Century (1801-1900)$1http://www.wikidata.org/entity/Q6955$920935
=650  \0$aSong$1http://www.wikidata.org/entity/Q7366$94164
=650  \0$aVocal music$1http://www.wikidata.org/entity/Q685884$93319
=650  \0$aPsalm$1http://www.wikidata.org/entity/Q12497663$92164
=856  \\$uhttps://books.google.be/books?id=q_9aAAAAQAAJ$3Google Books
=942  \\$cSCO
=952  \\$00$10$2ddc$40$6KTS_1_000000000000000_C1_20_11F17$70$8RAR$93206$aORPH$bORPH$cKTS1_C1$d2020-07-08$eKoopman$l0$oKTS1 C1.20 11F17$p20137004$r2021-01-12 00:00:00$w2021-01-12$ySCO
=999  \\$c3206$d3206

