=LDR  01331    a2200265   4500
=001  3207
=008  210714s1600\\\\\\\|||||\||||\00|\0\lat\d
=041  \\$alat
=100  \\$aCassiodorus, Flavius Magnus Aurelius$4aut$97466
=245  \\$aOpera omnia quæ extant
=260  \\$aParis$bOrry$c1600
=300  \\$a[vi]-[740]-[42] pages$bgilded edges
=336  \\$abook
=336  \\$aprinted
=500  \\$aCassiodorus (480/5-after 580) reports on state matters in his time but also reflects on spiritual matters
=500  \\$alacks frontispiece, copy inserted
=505  \\$aVariarum libri XII + De anima
=590  \\$aex fide Manuss. auctiora & locupletiora, collatis etiam exemplaribus tam vetetibus quam recens excusis. Cum index rerum et sententiarum scitu notatuq(uorum) digniorum. Tomus primus.
=648  \0$aClassical Antiquity (8th Century BC-6th Century AD)$1http://www.wikidata.org/entity/Q486761$921435
=650  \0$aPhilosophy$1http://www.wikidata.org/entity/Q5891$92357
=650  \0$aPolitics$1http://www.wikidata.org/entity/Q7163$921826
=653  \0$amuziek (algemeen)$360-62$020137005$w11F18$934992
=942  \\$cBOO
=952  \\$00$10$2ddc$40$6KTS_1_000000000000000_C1_20_11F18$70$8RAR$93207$aORPH$bORPH$cKTS1_C1$d2020-07-08$eKoopman$i11F18$l0$oKTS1 C1.20 11F18$p20137005$r2021-01-12 00:00:00$w2021-01-12$yBOO
=999  \\$c3207$d3207

