=LDR  00900    a2200217   4500
=001  3208
=008  210714s1745\\\\\\\|||||\||||\00|\0\fre\d
=041  \\$afre
=100  \\$aHervieux de Chanteloup, Jean-Claude$4aut$97467
=245  \\$aNouveau traité des serins de canarie
=260  \\$aParis$bSaugrain$c1745
=300  \\$axxxviii-[vi]-368-[16] pages$bmusic examples, folded sheets
=336  \\$abook
=336  \\$aprinted
=648  \0$a18th Century (1701-1800)$1http://www.wikidata.org/entity/Q7015$920899
=650  \0$aScience$1http://www.wikidata.org/entity/Q7991$921650
=650  \0$aOrnithology$921944
=856  \\$uhttps://books.google.be/books?id=J4qyg5PTaM0C$3Google Books
=942  \\$cBOO
=952  \\$00$10$2ddc$40$6KTS_1_000000000000000_C1_20_11F19$70$8RAR$93208$aORPH$bORPH$cKTS1_C1$d2020-07-08$eKoopman$i11F19$l0$oKTS1 C1.20 11F19$p20137002$r2021-01-12 00:00:00$w2021-01-12$yBOO
=999  \\$c3208$d3208

