=LDR  02029aam a2200421   4500
=001  3210
=008  210714s1782\\\\\\\|||||\||||\00|\0\fre\d
=041  \\$afre
=100  \\$aRousseau, Jean-Jacques$d1712-1778$4aut$1http://www.wikidata.org/entity/Q6527$95214
=245  \\$aSupplément à la collection des œuvres$nvol. 6
=260  \\$aGeneva$bs.n.$c1782
=300  \\$a462 pages
=648  \0$a18th Century (1701-1800)$1http://www.wikidata.org/entity/Q7015$920899
=650  \0$aPhilosophy$1http://www.wikidata.org/entity/Q5891$92357
=650  \0$aEnlightenment$1http://www.wikidata.org/entity/Q12539$94532
=650  \0$aAlembert, d' $3155-202, 213-263, 277, 280, 288, 295, 301, 350-368$020137000$928585
=650  \0$abc$3273, 320$020137000$929236
=650  \0$abc -> compositie$3278$020137000$929237
=650  \0$aCampra, A.$3353$020137000$930173
=650  \0$aCastel$3289-291$020137000$930272
=650  \0$amuziek (algemeen)$3104-118, 264-349-423, 457$020137000$934992
=650  \0$aPergolesi$3345$020137000$935854
=650  \0$aPhilidor$3287$020137000$935921
=650  \0$aFrans-Italiaans$3344, 353$020137000$931874
=650  \0$aTartini$3295, 301, 308-310, 394, 395$020137000$936748
=650  \0$aGlück$3297, 343$020137000$932236
=650  \0$aGossec$3287$020137000$932278
=650  \0$aGrétry$3287$020137000$932387
=650  \0$aRameau, J.Ph.$3271? 279-282, 284-289, 293, 308-310, 345, 346, 352, 356-358, 391, 393, 394$020137000$938230
=650  \0$arègle de l'octave$3273$020137000$938325
=650  \0$akwint/oktaafparallellen$3284$020137000$933824
=650  \0$aRoussier$3287, 288, 360, 369-385$020137000$938598
=650  \0$aLully$3353$020137000$934271
=650  \0$aMartini, Padre$3288$020137000$934501
=651  \0$aGeneva (Switzerland)$1http://www.wikidata.org/entity/Q71$923443
=942  \\$cBOO
=952  \\$00$10$2ddc$40$6KTS_1_000000000000000_C1_20_11F21$70$8RAR$93210$aORPH$bORPH$cKTS1_C1$d2020-07-08$eKoopman$l0$oKTS1 C1.20 11F21$p20137000$r2021-01-12 00:00:00$w2021-01-12$yBOO
=999  \\$d3210

