=LDR  01510    a2200265   4500
=001  3211
=008  210714i17911793\\\afc||\||||\00|\0ager\d
=041  \\$ager
=100  \\$aSchubart, Christian Friedrich Daniel$d1739-1791$4aut$1http://www.wikidata.org/entity/Q61251$97469
=245  \\$aSchubart's Leben und Gesinnungen: von ihm selbst, im Kerker aufgesetzt vols. 1-2/2
=260  \\$aStuttgart$bMäntler$c1791-93
=300  \\$a2 vols. (xviii-292+xvi-320 pages)
=336  \\$abook
=336  \\$aprinted
=500  \\$aChristian Schubart was a formidable harpsichord player
=561  \\$aEx libris Feuerbacher Heide (plate)
=648  \0$a18th Century (1701-1800)$1http://www.wikidata.org/entity/Q7015$920899
=650  \0$aMusic history$1http://www.wikidata.org/entity/Q846047$921373
=650  \0$aBiography$1http://www.wikidata.org/entity/Q36279$91927
=700  \\$4edt$aSchubart, Ludwig Albrecht$d1765-1811$1http://www.wikidata.org/entity/Q1874986$97470
=856  \\$uhttps://books.google.be/books?id=8Y49AAAAYAAJ; https://books.google.be/books?id=FdoEAAAAYAAJ$3Google Books
=942  \\$cBOO
=952  \\$00$10$2ddc$3vol. 1$40$6KTS_1_000000000000000_C1_20_11F22$70$8RAR$93211$aORPH$bORPH$cKTS1_C1$d2020-07-08$eKoopman$i11F22$l0$oKTS1 C1.20 11F22$p20137007$r2021-01-12 00:00:00$w2021-01-12$yBOO
=952  \\$00$10$2ddc$3vol. 2$40$6KTS_1_000000000000000_C1_20_11F23$70$8RAR$920415$aORPH$bORPH$cKTS1_C1$d2020-07-08$eKoopman$i11F23$l0$oKTS1 C1.20 11F23$p20137006$r2021-07-14 00:00:00$w2021-01-12$yBOO
=999  \\$c3211$d3211

