=LDR  01744    a2200349   4500
=001  3216
=005  20251031160245.0
=008  211005s1716\\\\|||a||||\||||\00|\p\fre\d
=041  \\$afre$hlat
=100  \\$aOvidius$d43 BC-17$4aut$1http://www.wikidata.org/entity/Q7198$95683
=245  \\$aLes Métamorphoses d'Ovide,$bavec des Explications à la fin de chaque Fable$nTome Second$pLivre XI-XV
=260  \\$aAmsterdam$bRoger$c1716
=300  \\$a[xi]-415-[5] pages$billustrations
=500  \\$aContains catalog of the Roger printing company
=500  \\$aFor volume 1 in the later edition of 1727, see 11G04
=561  \\$aEx Libris Paul Pouperon (plate)
=648  \0$aClassical Antiquity (8th Century BC-6th Century AD)$1http://www.wikidata.org/entity/Q486761$921435
=648  \0$a18th Century (1701-1800)$1http://www.wikidata.org/entity/Q7015$920899
=650  \0$aMythology$1http://www.wikidata.org/entity/Q9134$921600
=650  \0$aPoetry$1http://www.wikidata.org/entity/Q482$93026
=651  \0$aRome (Italy)$1http://www.wikidata.org/entity/Q220$949
=653  \0$abibliotheek$3titelprent$w11G05$929548
=653  \0$amuziek (algemeen)$3tp, 416, 417$w11G05$934992
=653  \0$aklarinet$3416$w11G05$933442
=653  \0$aRoger, E.$3tp$w11G05$938502
=653  \0$aRoger, E._fondscatalogus$3416-einde$w11G05$938503
=653  \\$achalumeau$3416$w11G05$930388
=653  \\$aOrpheus$31-5$911156$w11G05
=700  \\$4trl$4ctb$aBellegarde, Jean-Baptiste Morvan de$d1648-1734$1http://www.wikidata.org/entity/Q3164305$97475
=942  \\$cBOO
=952  \\$00$10$2ddc$40$6KTS_1_000000000000000_C1_38_11G05$70$8RAR$93216$aORPH$bORPH$cKTS1_C1$d2020-07-08$eKoopman$i11G05$l0$oKTS1 C1.38 11G05$p20134203$r2021-01-12 00:00:00$w2021-01-12$yRAR
=999  \\$d3216

