=LDR  01485aam a2200241   4500
=001  3217
=008  211005s1732\\\\\\\a||||\||||\00|\p\fre\d
=041  \\$afre$hlat
=100  \\$aOvidius$d43 BC-17$4aut$1http://www.wikidata.org/entity/Q7198$95683
=245  \\$aLes Metamorphoses d'Ovide,$bavec des remarques et des explications historiques
=260  \\$aAmsterdam$bWettstein$bSmith$c1732
=300  \\$a2 vols. (xxvi-[xlii]-384+318 pages)$billustrations
=500  \\$aThe printer Johann Heinrich Wettstein (1649-1726) was a relative of the Swiss theologian Johann Jakob Wettstein (1693-1754)
=648  \0$aClassical Antiquity (8th Century BC-6th Century AD)$1http://www.wikidata.org/entity/Q486761$921435
=648  \0$a18th Century (1701-1800)$1http://www.wikidata.org/entity/Q7015$920899
=650  \0$aMythology$1http://www.wikidata.org/entity/Q9134$921600
=650  \0$aPoetry$1http://www.wikidata.org/entity/Q482$93026
=700  \\$4trl$aBanier, Antoine$d1673-1741$97476
=700  \\$4ill$aPicart, Bernard$d1673-1733$1http://www.wikidata.org/entity/Q559929$98110
=942  \\$cBOO
=952  \\$00$10$2ddc$3vol.1$40$6KTS_1_000000000000000_C1_38_11G06_01$70$8RAR$93217$aORPH$bORPH$cKTS1_C1$d2020-07-08$eKoopman$oKTS1 C1.38 11G06_01$p20134204$r2021-01-12 00:00:00$w2021-01-12$yBOO
=952  \\$00$10$2ddc$3vol.2$40$6KTS_1_000000000000000_C1_38_11G06_02$70$8RAR$920700$aORPH$bORPH$cKTS1_C1$d2020-07-08$eKoopman$l0$oKTS1 C1.38 11G06_02$p20134205$r2021-10-05 00:00:00$w2021-01-12$yBOO
=999  \\$d3217

