=LDR  06017aam a2201153   4500
=001  3220
=008  211005s1659\\\\|||a||||\||||\00|\p\dut\d
=041  \\$adut
=245  \\$aBloemkrans van verscheiden gedichten
=260  \\$aAmsterdam$bSpillebout$c1659
=300  \\$a[14]-672 pages
=500  \\$aFeatures dozens of Dutch poets
=500  \\$aDaniël Heinsius (Ghent, 1580-The Hague, 1655) was one of the most famous scholars of the Dutch Renaissance; he taught poetics, classics and political science at Universiteit Leiden, which he also served as librarian.
=563  \\$aBound in white vellum
=590  \\$aDoor eenige liefhebbers der poëzij bij een verzamelt
=648  \0$a17th Century (1601-1700)$1http://www.wikidata.org/entity/Q7016$920923
=650  \0$aPoetry$1http://www.wikidata.org/entity/Q482$93026
=651  \0$aNetherlands$1http://www.wikidata.org/entity/Q55$9173
=653  \0$aalchemie$3649, 650$020134213$w11G10$928573
=653  \0$aBarlaeus, C.$3290, 308, 372$020134213$w11G10$929087
=653  \0$ablokfluit$3119, 184? 224, 342, 553, 554, 667$020134213$w11G10$929645
=653  \0$abeiaard$3553, 554$020134213$w11G10$929377
=653  \0$abespelen van meer instrumenten$3224? 553$020134213$w11G10$929496
=653  \0$aCamphuysen$3249$020134213$w11G10$930164
=653  \0$acastraten$3456$020134213$w11G10$930282
=653  \0$aCats, J.$3114$020134213$w11G10$930312
=653  \0$aChristina van Zweden$3547, 548$020134213$w11G10$930460
=653  \0$aop de wijze van $351, 108, 110, 112, 162, 165, 170, 275, 330, 334$020134213$w11G10$935398
=653  \0$aorganist$3540-543, 553$020134213$w11G10$935454
=653  \0$adansen $3104, 110$020134213$w11G10$930929
=653  \0$aDante$3607$020134213$w11G10$930935
=653  \0$adichteres$3342-344, 420-423, 544, 545$020134213$w11G10$931056
=653  \0$aemoties$3542$020134213$w11G10$931445
=653  \0$aEyck, J. van $3667$020134213$w11G10$931574
=653  \0$aQuellinus, A.$3591$020134213$w11G10$936297
=653  \0$aFrescobaldi, G.$3542$020134213$w11G10$931903
=653  \0$aSweelinck, J.P.$3541$020134213$w11G10$936692
=653  \0$agamba $3224$020134213$w11G10$931996
=653  \0$aTasso, T.$3594-599$020134213$w11G10$936757
=653  \0$aTitiaan$3607$020134213$w11G10$936955
=653  \0$aGroot, H. de$327, 176-178, 202$020134213$w11G10$932424
=653  \0$atrombone$3470$020134213$w11G10$937186
=653  \0$atrompet$3136, 538$020134213$w11G10$937194
=653  \0$aharp$3463, 554, 556, 584$020134213$w11G10$932582
=653  \0$aHeinsius, D.$358, 508$020134213$w11G10$932679
=653  \0$aHooft, P.C.$376, 291, 293, 372$020134213$w11G10$932893
=653  \0$aviool$3104? 113? 189? 224$020134213$w11G10$937605
=653  \0$aVisscher, Anna Roemer$3227, 228$020134213$w11G10$937634
=653  \0$aHuygens, C.$3569-573$020134213$w11G10$933032
=653  \0$aVondel$327, 28, 35, 76, 181, 199-209, 295-298, 372, 379? 429-434, 473-481, 530-540, 557, 601-603, 608, 609, 611, 612$020134213$w11G10$937732
=653  \0$aVossius, G.$3307-310$020134213$w11G10$937783
=653  \0$aJezuïeten$3481-484$020134213$w11G10$933216
=653  \0$azangeres$3227$020134213$w11G10$938089
=653  \0$azink$3538$020134213$w11G10$938157
=653  \0$aklavecimbel_Nederland 17e eeuw$3189$020134213$w11G10$933500
=653  \0$arieten$3463$020134213$w11G10$938444
=653  \0$alamento$3232, 531-533$020134213$w11G10$933868
=653  \0$aScheidemann$3543$020134213$w11G10$938817
=653  \0$aluit$3184, 189, 344$020134213$w11G10$934262
=653  \0$aScriverius, P.$3506-510$020134213$w11G10$939032
=653  \0$aslagwerk$363, 136, 534, 536, 538$020134213$w11G10$939152
=653  \\$aBaarde, J.v.$3567$020134213$w11G10$928891
=653  \\$aBas, G.$3315-319$020134213$w11G10$929132
=653  \\$aBaudartius$3202$020134213$w11G10$929225
=653  \\$aCoster, D.$3198, 199$927219$020134213$w11G10
=653  \\$aCrabbe, J.$3540-543$020134213$w11G10$930825
=653  \\$aCromwell$3294, 295$020134213$w11G10$930860
=653  \\$aDullaerts$3540, 543, 553, 554, 594-599$020134213$w11G10$931292
=653  \\$aElzevier, I.$3190$020134213$w11G10$931440
=653  \\$aFlinck, G.$3601, 602$020134213$w11G10$931769
=653  \\$aHelmbreecker$3542$020134213$w11G10$932694
=653  \\$aJordaens, L._Hooglied vertaling$3390-406$020134213$w11G10$933249
=653  \\$aLastman, P.$3602$020134213$w11G10$933918
=653  \\$aLeopold I$3552, 553$922858$020134213$w11G10
=653  \\$aLibert$3542$020134213$w11G10$934087
=653  \\$aMiereveld, M.$363, 64$020134213$w11G10$934751
=653  \\$aNoordt, A.v.$3542$020134213$w11G10$935264
=653  \\$aOldenbarnevelt, J. v.$334, 35, 39, 178$020134213$w11G10$935363
=653  \\$aOort, J.v.$3553, 554$020134213$w11G10$935394
=653  \\$aruispijp$3462$020134213$w11G10$938637
=653  \\$aTromp, M. H.$357-59, 345, 424-426$020134213$w11G10$937193
=653  \\$aVerrijt, B.$3542$020134213$w11G10$937457
=653  \\$aVois, P. de$3542$020134213$w11G10$937708
=653  \\$aWaarden, K. v.$3102$020134213$w11G10$937824
=653  \\$azangstem$3227$020134213$w11G10$938108
=700  \\$4aut$aHeinsius, Daniel$d1580-1655$1http://www.wikidata.org/entity/Q918731$95177
=700  \\$4aut$aHoogstraten, Samuel van$d1627-1678$1http://www.wikidata.org/entity/Q436797$97479
=700  \\$4aut$aSix, Jan$97480
=700  \\$4aut$aAnfslo, R.$97481
=700  \\$4aut$aArminius, Jacobus$d1560-1609$1http://www.wikidata.org/entity/Q313070$99162
=700  \\$4aut$aAssendelft, N. van$97483
=700  \\$4aut$aBaarle, van$97484
=700  \\$4aut$aBalen, Matthias$97485
=700  \\$4aut$aBorremans, N.$97486
=700  \\$4aut$aHeemskerk, W. van$97487
=856  \\$uhttps://books.google.be/books?id=ErPfXNgDIrIC$3Google Books
=942  \\$cBOO
=952  \\$00$10$2ddc$40$6KTS_1_000000000000000_C1_38_11G10$70$8RAR$93220$aORPH$bORPH$cKTS1_C1$d2020-07-08$eKoopman$oKTS1 C1.38 11G10$p20134213$r2021-01-12 00:00:00$w2021-01-12$yBOO
=999  \\$d3220

