=LDR  02468    a2200313   4500
=001  3222
=008  211006s1530\\\\||||||||\||||\00|\0\lat\d
=041  \\$alat
=100  \\$aDuns Scotus, Johannes$d1265-1308$4aut$1http://www.wikidata.org/entity/Q190089$97488
=245  \\$aScriptum Joannis Duns Scoti docto. Subtilis.$bEt ab eximio Doctore Antonio de Fantis
=260  \\$as.l.$bs.n.$c1530
=300  \\$a3 vols. (422 + 312 + 131 pages)$bms notes, frontispiece in black & red ink, illustrations
=500  \\$aCollection of writings by John Duns, editied and corrected by Antonius de Fantis
=500  \\$aJohannes Duns Scotus (1266-1308), a Franciscan theologian, born in Duns, Scotland, was given the scholastic accolade Doctor Subtilis ("the Subtle Doctor") for his penetrating and subtle manner of thought. He was beatified by Pope John Paul II in 1993. 
=500  \\$aScotus's great work is his commentary on the Sentences of the scholastic theologian Peter Lombard (1096-1160). Lombard's original text was used as a starting point for highly original discussions on topics of theological or philosophical interest.
=500  \\$aThe Franciscan Antonius de Fantis (1460-1533) was an Italian theologian who is considered one of the most subtle defenders of the doctrine of Scotus in the 16th century. He edited and corrected many of Dun's writings in the 1520s and 30s.
=500  \\$abeautiful frontispiece depicting the friar
=505  \\$avol.1: Scriptum ... super secundum sententiarum... [1530] -- vol.2: Scriptum ... super tertio sententiarum...[1530] -- vol.3: En lector candide disputationes collationales... [1530]
=561  \\$aEx Libris "Di Giuseppe Sampraolesid" (manuscript)
=648  \0$a16th Century (1501-1600)$1http://www.wikidata.org/entity/Q7017$920944
=648  \0$aMiddle Ages (500-1400)$1http://www.wikidata.org/entity/Q12554$920964
=650  \0$aCatholicism$1http://www.wikidata.org/entity/Q1841$921631
=650  \0$aTheology$1http://www.wikidata.org/entity/Q34178$93009
=700  \\$4ctb$4edt$aFantis, Antonio de$d1460-1533$1http://www.wikidata.org/entity/Q19799549$922429
=856  \\$uhttps://archive.org/details/bub_gb_l8BLU506WEYC$3Internet Archive
=856  \\$uhttps://books.google.be/books?id=eQtF-srE7m0C$3Google Books
=942  \\$cBOO
=952  \\$00$10$2ddc$40$6KTS_1_000000000000000_C1_38_11G12$70$8RAR$93222$aORPH$bORPH$cKTS1_C1$d2020-07-08$eKoopman$oKTS1 C1.38 11G12$p20134211$r2021-01-12 00:00:00$w2021-01-12$yBOO
=999  \\$d3222

