=LDR  01690aam a2200313   4500
=001  3227
=008  211006q1720\\\\||||||||\||||\00|\p\dut\d
=041  \\$adut
=100  \\$aSorgen, Philippus van$d? - 1677$4aut$97494
=245  \\$aDichtkundige ziele-zangen 
=260  \\$aUtrecht$bPoolsum$cc. 1720
=300  \\$a2 volumes ([vi]-136 + [vi]-179-[6] pages)
=501  \\$aBound in with 'Eedische verlustingen'
=534  \\$aOriginally published in 1677 and 1680
=561  \\$aEx Libris Arie Corn. Molendijk 1989 (manuscript)
=590  \\$aopgezongen door Philippus van Sorgen en verscheide andere zang-lievers [vol.1], vermeerdert met een Aenhangzel van verscheide gezangen van dezelfde materie [vol.2]
=648  \0$a17th Century (1601-1700)$1http://www.wikidata.org/entity/Q7016$920923
=648  \0$a18th Century (1701-1800)$1http://www.wikidata.org/entity/Q7015$920899
=650  \0$aPoetry$1http://www.wikidata.org/entity/Q482$93026
=650  \0$aSong$1http://www.wikidata.org/entity/Q7366$94164
=650  \0$aMoral education$1http://www.wikidata.org/entity/Q25457248$93171
=650  \0$aProtestantism$1http://www.wikidata.org/entity/Q23540$921012
=650  \0$aPsalm$1http://www.wikidata.org/entity/Q12497663$92164
=650  \0$aContrafactum$1http://www.wikidata.org/entity/Q1783270$922210
=651  \0$aNetherlands$1http://www.wikidata.org/entity/Q55$9173
=856  \\$uhttps://www.dbnl.org/tekst/sorg003dich03_01/index.php$3Digital Library for Dutch Literature (DBNL)
=942  \\$cBOO
=952  \\$00$10$2ddc$40$6KTS_1_000000000000000_C1_38_11G16A$70$8RAR$93227$aORPH$bORPH$cKTS1_C1$d2020-07-08$eKoopman$oKTS1 C1.38 11G16a$p20134216$r2021-01-12 00:00:00$w2021-01-12$yBOO
=999  \\$d3227

