=LDR  02972    a2200493   4500
=001  3228
=008  211006s1744\\\\||||||||\||||\00|\p\dut\d
=041  \\$adut
=245  \\$aEen nieuw bundeltje uitgekipte geestelyke gezangen, $bten dienst aller bond-, en gunstgenoten van Jehovah, den drie-eenigen, en algenoegzamen God;
=250  \\$a9th ed.
=260  \\$aDordrecht$bWittich$c1744
=300  \\$a[vi]-304 pages
=336  \\$abook
=336  \\$aprinted
=500  \\$aCollection of Spiritual Songs by W. A. Saldenus, Hermann Witsius, Willem ‘d Orville, R. Immens, Abraham Godart, Philip van Sorgen, Geertruid Gordon de Grauw, Jac. Koelman, Roger Schutte and NN.
=500  \\$aRoger Schutte (1708-1784) was the pietistic author of popular hymnbooks, and composed his spiritual verses at a time the religious culture of Pietism was approaching its zenith in the Netherlands and other European countries.
=561  \\$aEx Libris AC Molendijk 1991 (manuscript)
=590  \\$aOpgestelt door verscheide Godvrugtige zangers en zangeressen; Waar by een Aanhangsel, Komt van eenige Gezangen en Gedigten. Negende Druk, vermeerdert met een tweede Aanhangsel van eenige Gezangen en Gedichten, door R. S. 
=648  \0$a17th Century (1601-1700)$1http://www.wikidata.org/entity/Q7016$920923
=648  \0$a18th Century (1701-1800)$1http://www.wikidata.org/entity/Q7015$920899
=650  \0$aSong$1http://www.wikidata.org/entity/Q7366$94164
=650  \0$aPoetry$1http://www.wikidata.org/entity/Q482$93026
=650  \0$aReligion$1http://www.wikidata.org/entity/Q9174$93062
=650  \0$aPsalm$1http://www.wikidata.org/entity/Q12497663$92164
=650  \0$aHymn$1http://www.wikidata.org/entity/Q484692$921333
=650  \0$aMoral education$1http://www.wikidata.org/entity/Q25457248$93171
=650  \0$aContrafactum$1http://www.wikidata.org/entity/Q1783270$922210
=651  \0$aNetherlands$1http://www.wikidata.org/entity/Q55$9173
=653  \0$acourante$3151, 159, 162, 209, 232$020134217$w11G17$930805
=653  \0$adrukfouten $3vw$020134217$w11G17$931222
=653  \0$aechoeffekt$3250$020134217$w11G17$931377
=653  \0$aharp$3tp$020134217$w11G17$932582
=653  \0$arepicavan$335, 51, 68, 146$020134217$w11G17$938382
=653  \0$aLodesteyn$3302$020134217$w11G17$934177
=653  \0$aLully$31, 186$020134217$w11G17$934271
=653  \0$amenuet$31, 186$020134217$w11G17$934673
=653  \\$acourante ‘La Barre’$3151, 209, 232$020134217$w11G17$930807
=700  \\$4aut$aSchutte, Rutger$d1708-1784$1http://www.wikidata.org/entity/Q99246845$94872
=700  \\$4aut$aWitsius, Hermann$d1636-1708$1http://www.wikidata.org/entity/Q339211$97495
=856  \\$uhttps://books.google.be/books?id=NKJZAAAAcAAJ$3Google Books
=856  \\$u[]$3
=942  \\$cBOO
=952  \\$00$10$2ddc$40$6KTS_1_000000000000000_C1_38_11G17$70$8RAR$93228$aORPH$bORPH$cKTS1_C1$d2020-07-08$eKoopman$i11G17$oKTS1 C1.38 11G17$p20134217$r2021-01-12 00:00:00$w2021-01-12$yBOO
=999  \\$d3228

