=LDR  02658    a2200493   4500
=001  3230
=005  20250923161050.0
=008  211006s1696\\\\||||||||\||||\00|\m\dut\d
=041  \\$adut
=100  \\$aFocquenbroch, Willem Godschalk van$d1640-1670$4aut$1http://www.wikidata.org/entity/Q729876$97497
=245  \\$aAlle de werken
=260  \\$aAmsterdam$bDe Groot$c1696
=300  \\$a2 vols. ([xii]-518-[2]+466-[3] pages)$bengraved frontispiece
=500  \\$aContains, next to all sorts of different types of poetry, the plays 'De Min in 't Lazarushuis, blijspel', 'Verwarde Jalouzy, blijspel' and 'Tymon van Lucianus'.
=500  \\$aBeautiful frontispiece (containing portrait of Foquenbroch) engraved by I. Baptist after I. Goeree (1670-1731) 
=561  \\$aEx libris L. Uding 29/5/1962
=563  \\$aBound in white vellum
=590  \\$aVerzamelt en uitgegeven door Abraham Bógaert
=648  \0$a17th Century (1601-1700)$1http://www.wikidata.org/entity/Q7016$920923
=650  \0$aPoetry$1http://www.wikidata.org/entity/Q482$93026
=650  \0$aPlay (theater)$1http://www.wikidata.org/entity/Q25379$921414
=651  \0$aNetherlands$1http://www.wikidata.org/entity/Q55$9173
=653  \0$a??$3tp$020134219$w11G19a$928331
=653  \0$aAsselijn, T.$3x8$020134219$w11G19a$928842
=653  \0$amuziek (algemeen)$3357$020134219$w11G19b$934992
=653  \0$aop de wijze van $3(o), 290-295$020134219$w11G19a$935398
=653  \0$aop de wijze van $39, 14, 32, 178-253, 433$020134219$w11G19b$935398
=653  \0$acourante$3186, 193, 195, 198, 202, 204, 205, 209, 237, 239, 242, 246, 250-252$020134219$w11G19b$930805
=653  \0$agagliarde$3207, 249$020134219$w11G19b$931974
=653  \0$agamba $3168$020134219$w11G19b$931996
=653  \0$agavotte$3187, 190, 194, 237$020134219$w11G19b$932051
=653  \0$atoneel$3467$020134219$w11G19b$937011
=653  \0$aviool$369, 78$020134219$w11G19b$937605
=653  \0$aVirgilius$362-332$020134219$w11G19a$937628
=653  \0$asarabande$3214, 248, 252, 253$020134219$w11G19b$938753
=653  \\$acarileen$3181$020134219$w11G19b$930240
=653  \\$acourante ‘La Barre’$3186, 193, 205$020134219$w11G19b$930807
=653  \\$aOvidius$3275$95683$020134219$w11G19b
=653  \\$aZorgen, Cl. v.$3311$020134219$w11G19b$938171
=700  \\$4edt$aBogaert, Abraham$d1663-1727$1http://www.wikidata.org/entity/Q329796$922435
=942  \\$cBOO
=952  \\$00$10$2ddc$40$6KTS_1_000000000000000_C1_38_11G19AB$70$8RAR$93230$aORPH$bORPH$cKTS1_C1$d2020-07-08$eKoopman$i11G19a-b$oKTS1 C1.38 11G19a-b$p20134219$r2021-01-12 00:00:00$w2021-01-12$yBOO
=999  \\$d3230
=533  \\$aDigitized by iGuana, Spring 2025.

