=LDR  01790    a2200301   4500
=001  3234
=008  211007s1722\\\\||||||||\||||\00|\p\dut\d
=041  \\$adut
=100  \\$aSluyter, Willem$d1627-1673$4aut$1http://www.wikidata.org/entity/Q2203981$95116
=245  \\$aS. M. Gesangen van Heylige en Godvruchtige stoffe
=250  \\$a7th ed.
=260  \\$aAmsterdam$bGroot, de$c1722
=300  \\$a[xiv]-292 pages$bengraved title page
=336  \\$abook
=336  \\$aprinted
=500  \\$aOriginally published in 1662
=501  \\$aBuytenleven- eensaem huys- somer- en winter-leven / Eybergsche sang-lust, mitsgades Vreugd- en liefde-sangen / Vreugd- en liefde-sangen aen de gemeynte … van Eybergen /Christelyke doods-betrachting, … Sterf-Gesangen en Doods-Echt-Scheidinge / Lyk-reden, aen de gemeynte J. C. t’Eybergen  / Psalmen, lofsangen, ende geestelijke liedekens… vermeerdert met het Hoogelied Salomons / Jeremia's klaeg-liederen  Lofsang der Heylige Maegd Maria, en Triumpheerende Christus
=648  \0$a17th Century (1601-1700)$1http://www.wikidata.org/entity/Q7016$920923
=648  \0$a18th Century (1701-1800)$1http://www.wikidata.org/entity/Q7015$920899
=650  \0$aPoetry$1http://www.wikidata.org/entity/Q482$93026
=650  \0$aProtestantism$1http://www.wikidata.org/entity/Q23540$921012
=650  \0$aSong$1http://www.wikidata.org/entity/Q7366$94164
=650  \0$aMoral education$1http://www.wikidata.org/entity/Q25457248$93171
=651  \0$aNetherlands$1http://www.wikidata.org/entity/Q55$9173
=773  \\$020393$t[Wilhelm Sluiter Collection]$w20393
=942  \\$cBOO
=952  \\$00$10$2ddc$40$6KTS_1_000000000000000_C1_38_11G20F$70$8RAR$93234$aORPH$bORPH$cKTS1_C1$d2020-07-08$eKoopman$i11G20f$oKTS1 C1.38 11G20f$r2021-01-12 00:00:00$w2021-01-12$yBOO
=999  \\$d3234

