=LDR  05194aam a2200745   4500
=001  3241
=008  211008s1667\\\\||||||||\||||\00|\0\eng\d
=041  \\$aeng
=100  \\$aSimpson, Christopher$d1605-1669$4aut$1http://www.wikidata.org/entity/Q731249$97500
=245  \\$aA Compendium of Practical Musick in Five Parts
=250  \\$a1st ed.
=260  \\$aLondon$bGodbid$c1667
=300  \\$a[xvi]-176-[2]-6 pages$bengraved frontispiece, music examples
=500  \\$aAccording to Rebecca Herrisone (Manchester U, message to Eline Holl, 21 March 2020): "it is a special copy, which probably indicates some kind of interim stage between the 2nd and 3rd editions of the Compendium. That is, the passage printed in your Appendix is included in the 1678 edition (p. 94, downloadable from EEBO) — placed exactly as Simpson requests in the pre-amble to the Appendix – but not in the 1667 edition proper, so the version you have seems to have the later addition of this material pre-empted. The content of the Appendix is therefore material that is already known from the 1678 edition. However, I wasn’t aware that Simpson had written it earlier to include with copies of the 1667 edition. From the reproduction I assume that the Appendix forms a separate gathering, starting with the Errata list on the recto; we can’t really tell, then, at what point the addition was made: clearly proof-reading had identified the errors listed in the Errata, but this could have been done at any point after printing itself, so could come any time between 1667 and the later addition. However, Simpson’s text at the start of the Appendix clearly indicates that he doesn’t yet know if there will be another edition, and there is therefore some implication that the Appendix is relatively close in date to the 1667 edition itself."
=500  \\$aEngraved frontispiece with portrait of Simpson by William Faithorne (1616-1691)
=561  \\$aEx Libris Leolyn Louise Everett (plate) and "Dorothy B. Everett, from Dad, Christmas 1907" (manuscript)
=563  \\$aBeautiful leather binding with gilded edges
=648  \0$a17th Century (1601-1700)$1http://www.wikidata.org/entity/Q7016$920923
=650  \0$aMethod$1http://www.wikidata.org/entity/Q2250960$921402
=650  \0$aMusic theory$1http://www.wikidata.org/entity/Q193544$92662
=651  \0$aUnited Kingdom$1http://www.wikidata.org/entity/Q21$9273
=653  \0$aalgemene muziekleer_notenwaarden$313, 16-35$020134221$w11G21$928597
=653  \0$aBevin, E.$3147$020134221$w11G21$929512
=653  \0$acomponeren$3140-145$020134221$w11G21$930621
=653  \0$anotatieproblemen$329$020134221$w11G21$935285
=653  \0$adiminuties$365-68, 80, 176$020134221$w11G21$931087
=653  \0$adirigeren$318$020134221$w11G21$931094
=653  \0$adissonant$378-102, 140$020134221$w11G21$931109
=653  \0$apavane$3142, 143$020134221$w11G21$935811
=653  \0$aplagiaat$3vw I$020134221$w11G21$936010
=653  \0$aPlayford, J.$3140$020134221$w11G21$936024
=653  \0$aenharmoniek$391-97, 99, 100$020134221$w11G21$931476
=653  \0$afantasia$3142$020134221$w11G21$931604
=653  \0$afermate$324, 47, 150, 152$020134221$w11G21$931664
=653  \0$asolmisatie$34-6, 10-12, 20, 21, 23, 26, 59, 60, 62 $020134221$w11G21$936344
=653  \0$agagliarda$3144$020134221$w11G21$931973
=653  \0$asyncope$325, 26, 81-84$020134221$w11G21$936708
=653  \0$atemperatuur$3100-109$020134221$w11G21$936807
=653  \0$atempo $335, 142, 144$020134221$w11G21$936815
=653  \0$atritonus$392$020134221$w11G21$937178
=653  \0$aJenkins, J.$3vw iv, 142$020134221$w11G21$933208
=653  \0$aKapsberger, H.$3124, 125?$020134221$w11G21$933310
=653  \0$akerktoonsoorten$3111-116$020134221$w11G21$933376
=653  \0$aKircher, A. $3105, 124$020134221$w11G21$933415
=653  \0$akwint/oktaafparallellen$340-42, 57, 124, 125, app.1-6$020134221$w11G21$933824
=653  \0$aLocke, M.$3vw iv, 142$020134221$w11G21$934172
=653  \0$amajeur einde in mineurstuk$358-60, 123-126$020134221$w11G21$934385
=653  \0$aSimpson, C._portret$3fs$020134221$w11G21$939133
=653  \0$ameerkorigheid$373-77$020134221$w11G21$934594
=653  \0$amensurale notatie$313-17$020134221$w11G21$934666
=653  \0$aMorley, T.$359, 147$020134221$w11G21$934892
=653  \0$ams. toevoegingen door??$359, 60, 62, 71, 72, 89, 120$020134221$w11G21$934938
=653  \\$abünde$38-12, 100-109$020134221$w11G21$930019
=653  \\$aColman$3142$020134221$w11G21$930597
=653  \\$aCoprario$3142$020134221$w11G21$930729
=653  \\$aFerrabosco, A.$3142$020134221$w11G21$931678
=653  \\$aLupo$3142$020134221$w11G21$934284
=653  \\$aMico$3142$020134221$w11G21$934750
=653  \\$apetit reprise$324$020134221$w11G21$935890
=653  \\$aWard, J.$3142$020134221$w11G21$937867
=653  \\$aWhite, J.$3142$020134221$w11G21$937948
=856  \\$uhttps://www.loc.gov/item/08017364/$3Library of Congress
=942  \\$cBOO
=952  \\$00$10$2ddc$40$6KTS_1_000000000000000_C1_38_11G21$70$8RAR$93241$aORPH$bORPH$cKTS1_C1$d2020-07-08$eKoopman$i11G21$oKTS1 C1.38 11G21$p20134221$r2021-01-12 00:00:00$w2021-01-12$yBOO
=999  \\$d3241

