=LDR  02761    a2200505   4500
=001  3244
=008  230202s1724\\\\|||af|||\||||\00|\p\dut\d
=041  \\$adut
=100  \\$aSwaanenburg, Willem van$d1679-1728$4aut$1http://www.wikidata.org/entity/Q52154135$97512
=245  \\$aParnas, of De zanggodinnen van een schilder
=260  \\$aAmsterdam$bBosch$c1724
=300  \\$a[xxiv]-255-[1] pages$bengraved frontispiece
=500  \\$aVery interesting frontispiece engraving by A. v. Buysen after G. Hoet, containing Midas, the artist, Febus (Apollo) and so on
=500  \\$aWillem van Swaanenburg (1679-1728) had a flamboyant, 'romantic' writing style, which was often received with mockery during his lifetime. 
=561  \\$aEx libris Jan Kamerbeek Jr. (stamp), A.G.A.v.R. & Ann Merfeur (?) (manuscript)
=648  \0$a18th Century (1701-1800)$1http://www.wikidata.org/entity/Q7015$920899
=650  \0$aPoetry$1http://www.wikidata.org/entity/Q482$93026
=650  \0$aMythology$1http://www.wikidata.org/entity/Q9134$921600
=651  \0$aNetherlands$1http://www.wikidata.org/entity/Q55$9173
=653  \0$aBidloo, L.$378$020140154$w11H06$929557
=653  \0$amuziek (algemeen)$3opdracht blz2, 74, 81, 96, 134, 135, 147, 154, 171, 232, 242$020140154$w11H06$934992
=653  \0$aNederlandse dichtkunst_17e eeuw$3xx$020140154$w11H06$935177
=653  \0$aNederlandse dichtkunst_18e eeuw$3xx$020140154$w11H06$935178
=653  \0$acontrabas$31$020140154$w11H06$930692
=653  \0$aorgel_Nederland 18e eeuw$3135, 253$020140154$w11H06$935518
=653  \0$adichteres$368-70, 150$020140154$w11H06$931056
=653  \0$aechoeffekt$3173$020140154$w11H06$931377
=653  \0$aharp$354, 135, 154$020140154$w11H06$932582
=653  \0$aviool$3253$020140154$w11H06$937605
=653  \0$aVondel$3xx, 249$020140154$w11H06$937732
=653  \0$aRubens, P.P.$336$020140154$w11H06$938618
=653  \0$asalaris$3242$020140154$w11H06$938697
=653  \0$aschilderes$3119$020140154$w11H06$938860
=653  \0$aluit$359$020140154$w11H06$934262
=653  \\$aBrekelenkam, J. v.$361$020140154$w11H06$929928
=653  \\$aFresnois, C.A. du$367$020140154$w11H06$931904
=653  \\$aLeeuwenhoek, v.$3231$020140154$w11H06$933984
=653  \\$aMan, J. de$3156-161, 163-172$020140154$w11H06$934409
=653  \\$aMyn, A. v. d.$3119, 123$020140154$w11H06$935121
=653  \\$aMyn, H. v. d.$3119, 123$020140154$w11H06$935122
=653  \\$aOgier, B.$3150$020140154$w11H06$935345
=856  \\$uhttps://books.google.be/books?id=MFkTAAAAQAAJ$3Google Books
=942  \\$cBOO
=952  \\$00$10$2ddc$40$6KTS_1_000000000000000_C2_67_11H06$70$8RAR$93244$aORPH$bORPH$cKTS1_C2$d2020-07-08$eKoopman$l0$oKTS1 C2.67 11H06$p20140154$r2021-01-12 00:00:00$w2021-01-12$yBOO
=999  \\$d3244

