=LDR  02514    a2200421   4500
=001  3245
=008  220923r16641597|||a||||\||||\00|\p\lat\d
=041  \\$alat
=100  \\$aLucilius, Gaius$d180-102 BC$4aut$1http://www.wikidata.org/entity/Q298729$97513
=245  \\$aSatyrarum quæ supersunt reliquiæ
=246  \1$aSatyrarum quae supersunt reliquiae
=250  \\$a2nd ed.
=260  \\$aAmsterdam$bvan Berge$c1661
=300  \\$a[xxii]-139-[1] pages
=500  \\$aGaius Lucilius (c. 180-103/2 BC) was the earliest Roman satirist, of whose writings only fragments remain. A Roman citizen of the equestrian class, he was born at Suessa Aurunca in Campania, and was a member of the Scipionic Circle.
=500  \\$aHe may be called the inventor of poetical satire, as he was the first to impress upon the rude inartistic medley, known to the Romans by the name of satura, that character of aggressive and censorious criticism of persons, morals, manners, politics, literature, etc. which the word satire has ever since denoted.
=500  \\$aManuscript note in front matter: "lucillius forti a lucillo idim quod lucillum... Fl. Hof...."
=534  \\$aOrginally published in Leiden in 1597
=561  \\$aEx libris J.E. (plate)
=563  \\$abound in white vellum
=648  \0$aClassical Antiquity (8th Century BC-6th Century AD)$1http://www.wikidata.org/entity/Q486761$921435
=648  \0$a17th Century (1601-1700)$1http://www.wikidata.org/entity/Q7016$920923
=650  \0$aSatire$1http://www.wikidata.org/entity/Q128758$921636
=650  \0$aPoetry$1http://www.wikidata.org/entity/Q482$93026
=651  \0$aRome (Italy)$1http://www.wikidata.org/entity/Q220$949
=653  \0$adwarsfluit$3tp$020140155$w11H07$931340
=653  \0$agamba $3tp$020140155$w11H07$931996
=653  \0$aScaliger, J.$3q$020140155$w11H07$938783
=653  \0$aluit$3tp$020140155$w11H07$934262
=653  \0$aScriverius, P.$3q3$020140155$w11H07$939032
=653  \\$aMensius, J.$3T$020140155$w11H07$934661
=653  \\$aMerula, P.$3q2$020140155$w11H07$934698
=653  \\$aVulcanius, B.$3q$020140155$w11H07$937816
=700  \\$4edt$aDoes, Jan van der$d1571-1596$1http://www.wikidata.org/entity/Q1229819$924748
=856  \\$uhttps://archive.org/details/ita-bnc-mag-00001278-001/page/n12/mode/2up$3Internet Archive
=942  \\$cBOO
=952  \\$00$10$2ddc$40$6KTS_1_000000000000000_C2_67_11H07$70$8RAR$93245$aORPH$bORPH$cKTS1_C2$d2020-07-08$eKoopman$l0$oKTS1 C2.67 11H07$p20140155$r2021-01-12 00:00:00$w2021-01-12$yBOO
=999  \\$d3245

