=LDR  02850    a2200517   4500
=001  3247
=008  230202s1661\\\\|||a||||\||||\00|\0\dut\d
=041  \\$adut
=100  \\$aBrune, Johan de$d1588-1658$4aut$96830
=245  \\$aEmblemata of Sinnewerck
=246  \1$aEmblemata of Zinne-werck
=250  \\$a2nd ed. 
=260  \\$aAmsterdam$bSchipper$c1661
=300  \\$a[viii]-378 pages$billustrations, engraved title page
=500  \\$aFor a digital edition of the 1636 edition, see https://www.dbnl.org/tekst/brun001embl02_01/index.php
=500  \\$aThe explanations with the 51 emblems often include original poems in Latin, Italian and french (Diogenes, Ronsard, Ovidius etc...)
=500  \\$aFine engraved title-page Willem Outgertsz. Akersloot from the original edition of 1624 and 51 emblems engraved by Wil. Passe, J. Gelle, Cri. Blon, A. Poel and J.S. [Swelinck] mostly after A. van de Venne.
=534  \\$aOriginally published in 1624
=563  \\$aModern binding in white vellum
=590  \\$avoorghestelt, In Beelden, ghedichten, en breeder uijt-legginghen, tot uijt-druckinghe, en verbeteringhe van verscheijden feijlen onser eeuwe. Den tweeden druck met nieuwe plaeten en eenige Zedespreucken vermeerdert.
=648  \0$a17th Century (1601-1700)$1http://www.wikidata.org/entity/Q7016$920923
=650  \0$aMoral education$1http://www.wikidata.org/entity/Q25457248$93171
=650  \0$aEmblem$1http://www.wikidata.org/entity/Q112110$93250
=650  \0$aPoetry$1http://www.wikidata.org/entity/Q482$93026
=650  \0$aFine art$1http://www.wikidata.org/entity/Q219625$921579
=651  \0$aNetherlands$1http://www.wikidata.org/entity/Q55$9173
=653  \0$ablokfluit$3204?$020140163$w11H09$929645
=653  \0$acister$31$020140163$w11H09$930490
=653  \0$agamba $3204$020140163$w11H09$931996
=653  \0$aviool$3204$020140163$w11H09$937605
=653  \0$awijn$392, 196, 374$020140163$w11H09$937961
=653  \0$azink$3204?$020140163$w11H09$938157
=653  \0$akoor/orkestopstelling$3204$020140163$w11H09$933679
=653  \0$aluit$31, 204$020140163$w11H09$934262
=653  \0$aslagwerk$3345$020140163$w11H09$939152
=653  \\$aGille, I.$3153$020140163$w11H09$932193
=653  \\$akaartspel$3261$020140163$w11H09$933276
=653  \\$apop$3362$020140163$w11H09$936077
=653  \\$aschommelen$3254$020140163$w11H09$938931
=653  \\$aStändchen$3204$020140163$w11H09$936506
=653  \\$aVenne, A. v. d.$3109, 213$020140163$w11H09$937384
=700  \\$4ill$4egr$921762$aVenne, Adriaen Pietersz. van de$d1589-1662
=856  \\$uhttps://books.google.be/books?id=-1ATAAAAQAAJ$3Google Books
=942  \\$cBOO
=952  \\$00$10$2ddc$40$6KTS_1_000000000000000_C2_67_11H09$70$8RAR$93247$aORPH$bORPH$cKTS1_C2$d2020-07-08$eKoopman$l0$oKTS1 C2.67 11H09$p20140163$r2021-01-12 00:00:00$w2021-01-12$yBOO
=999  \\$d3247

