=LDR  02190aam a2200313   4500
=001  3249
=008  230203s1730\\\\|||ac|||\||||\00|\0\lat\d
=041  \\$alat
=100  \\$aBuddeus, Johann Franz$d1667-1729$4aut$1http://www.wikidata.org/entity/Q63500$97518
=245  \\$aIsagoge historico-theologica ad theologiam universam singulasque eius partes$n1-2/2
=260  \\$aLeipzig$bFritschius$c1730
=300  \\$a[xiv]-1560-194-[120] pages$billustrations, portrait, engraved title pages, leather bound, spine embossed and gilded, marbled edges
=500  \\$aOriginally published in 1727
=500  \\$aPart 1 & 2 numbered consecutively. An addendum to part 2, 'Historia Theologiae litteraria continvata et novis accessionibus illustrata', has new pagination
=500  \\$aBuddeus was a German philosopher and evangelical-lutheran theologian who was close to Pietism. He was considered the most universally accomplished German theologian of his time. 
=504  \\$acontains extensive index
=590  \\$a(vol. 1) "Novis supplementis auctior" - (vol. 2) "Tomus posterior sive libri posterioris, partisque adeo specialis sectio posterior historiam ecclesiasticam, theologiam polemicam et exegeticam exhibens"
=648  \0$a18th Century (1701-1800)$1http://www.wikidata.org/entity/Q7015$920899
=650  \0$aReligion$1http://www.wikidata.org/entity/Q9174$93062
=650  \0$aHistory$1http://www.wikidata.org/entity/Q309$921403
=650  \0$aLute$1http://www.wikidata.org/entity/Q180733$93944
=650  \0$aTheology$1http://www.wikidata.org/entity/Q34178$93009
=651  \0$aGermany$1http://www.wikidata.org/entity/Q183$9155
=856  \\$uhttps://books.google.be/books?id=HnY7AAAAcAAJ$3vol. 1
=856  \\$uhttps://books.google.be/books?id=qHY7AAAAcAAJ$3vol. 2
=942  \\$cBOO
=952  \\$00$10$2ddc$3vol. 1$40$6KTS_1_000000000000000_C2_67_11H11_01$70$8RAR$93249$aORPH$bORPH$cKTS1_C2$d2020-07-08$eKoopman$l0$oKTS1 C2.67 11H11_01$p20140164$r2021-01-12 00:00:00$w2021-01-12$yBOO
=952  \\$00$10$2ddc$3vol. 2$40$6KTS_1_000000000000000_C2_67_11H11_02$70$8RAR$922481$aORPH$bORPH$cKTS1_C2$d2020-07-08$eKoopman$l0$oKTS1 C2.67 11H11_02$p20140165$r2023-02-03 00:00:00$w2021-01-12$yBOO
=999  \\$d3249

