=LDR  04578    a2200397   4500
=001  3251
=008  230203i17791836|||caf||\||||\00|\0dger\d
=041  \\$ager
=245  \\$aNeujahrsgeschenke ab der Chorherren
=260  \\$aZürich$bChorherrensaal$c1779-1818; 1819-36
=300  \\$a2 vols. ([i]-8-8-11-[ii]-10-8-[ii]-10-[ii]-8-[ii]-8-[ii]-8-[ii]-8-[ii]-8-[ii]-8-[ii]-8-[ii]-8-[ii]-8-[ii]-12îi]-8-[ii]-8-[vi]-12-[ii]-12-[ii]-12-[ii]-11-[ii]-15-[ii]-16-[ii]-15-[ii]-8-[ii]-11-[iv]-5-[ii]-7-[ii]-8-[ii]-16-[ii]-8-[ii]-7-[ii]-14-[ii]-14-[ii]-10-[ii]-15-[ii]-12-[ii]-10 + [ii]-48-[32]-[ii]-40-[ii]-7-[ii]-15-[ii]-11-[ii]-39-[ii]-14-[ii]-12-[ii]-18-]ii]-9-[ii]-8-[ii]-11-[ii]-15-[ii]-7-[ii]-24-[ii]-8-[ii]-11-[ii]-20 pages)$billustrations, plates, portraits, marbled carboard cover, leather spine embossed in gold & red
=500  \\$aMainly biographical stories with a moral and religious exemplary function that glorify Swiss national history, Swiss history of the Reformation, etc., each one preceded by a full-page engraving illustrating the content of the story, or portraying the person whose life is described.
=500  \\$aThe editions, published every New year as a speech for the pupils of the Collegium, have no specific title. Some exeptions hint in the title to its content, eg. 1819 "...zum Andenken der im Jahre 1519 begonnenen Glaubenverbesserung "
=500  \\$aPortraits (and biographies) of:
Ulrich Zwingli (1484-1531)
Johan Heinrich Lavater 
Ludwig Lavater (1527-1586)
Heinrich Corrodi 1752-1793
Joh. Conrad Pfenninger  (1747-1793)
Heinrich Schinz (1764-1822)
Leonhard Usteri (1741-1789)
Conrad Schmid (16th cent)
Joh. Caspar Hagenbuch (1700-1763)
Johan Jakob Köchlin (1721-1787)
Rudolf Gwalter (1519-1586)
I. Jacob Hottinger (1750-1819)
Johannes von Muralt (1645-1733)
Johannes Fries (1505-1565)
Heinrich Escher (1713-1777)
Johannes Heinrich Rahn (1749-1812)
J. Jacob Steinbrychel (1729-1796)
Joh. Jacob Breitinger (1701-1776)
Joh. Jacobus Breitingerus (1575-1645)
Joh. Caspar Haeffeli  (1754-1811)
Christophorus Froschoverus (Christoffel Froschauer) (ca 1490-1564) 
Johan Rudolf Ulrich (1728-1795)
Josua Mahler (1529-1598)
Salomon Schinz M.D. (1734-1784)
Johann Jacob Scheuchzer (1672-1733)

=500  \\$a“In the 17th century music in Zürich was dominated by three collegia musica: the first was ‘zum Chorherrensaal’, followed by the ‘ab dem Musiksaal’ (from 1613) and ‘zur deutschen Schule’ (from 1679). Initially they were concerned only with sacred music, but later also performed contemporary German and Italian secular music. The three societies merged in 1812 to form the Allgemeine Musikgesellschaft Zürich (AMGZ), which since 1813 has produced books on musical subjects in a series of ‘Neujahrsblättern’, the successors to a series of New Year collections of polyphonic pieces published by two of the collegia musica from 1685 and 1713 respectively.”
=500  \\$asee 04J20, 04J21, 10B20, 26D03, G1-027 and G1-028 for similar collections
=610  \0$aAllgemeine Musikgesellschaft Zürich (Switzerland)$1http://www.wikidata.org/entity/Q2648827$921129
=648  \0$a18th Century (1701-1800)$1http://www.wikidata.org/entity/Q7015$920899
=648  \0$a19th Century (1801-1900)$1http://www.wikidata.org/entity/Q6955$920935
=650  \0$aMoral education$1http://www.wikidata.org/entity/Q25457248$93171
=650  \0$aBiography$1http://www.wikidata.org/entity/Q36279$91927
=650  \0$aHistory$1http://www.wikidata.org/entity/Q309$921403
=650  \0$aFine art$1http://www.wikidata.org/entity/Q219625$921579
=650  \0$aInstitution$1http://www.wikidata.org/entity/Q178706$94241
=650  \0$aReformation$1http://www.wikidata.org/entity/Q12562$93641
=650  \0$aReligion$1http://www.wikidata.org/entity/Q9174$93062
=651  \0$aZürich (Switzerland)$1http://www.wikidata.org/entity/Q72$921130
=653  \0$abibliotheek$3tp, 81$020140167$w11H13$929548
=653  \0$aZwingli, U.$31819$020140167$w11H13$938199
=653  \\$aGessner, C.$382$020140167$w11H13$932154
=653  \\$aLavater, J.C.$31820$020140167$w11H13$933943
=653  \\$aLavater, L$31832$020140167$w11H13$933944
=942  \\$cBOO
=952  \\$00$10$2ddc$31779-1818$40$6KTS_1_000000000000000_C2_67_11H13_01$70$8RAR$93251$aORPH$bORPH$cKTS1_C2$d2020-07-08$eKoopman$oKTS1 C2.67 11H13_01$p20140167$r2021-01-12 00:00:00$w2021-01-12$yBOO
=952  \\$00$10$2ddc$31819-1836$40$6KTS_1_000000000000000_C2_67_11H13_02$70$8RAR$922483$aORPH$bORPH$cKTS1_C2$d2020-07-08$eKoopman$l0$oKTS1 C2.67 11H13_02$p20140168$r2023-02-03 00:00:00$w2021-01-12$yBOO
=999  \\$d3251

