=LDR  01336aam a2200277   4500
=001  3258
=005  20250925143256.0
=008  230207r19281916||||||||\||||\00|\0\dut\d
=041  \\$adut
=100  \\$aAverkamp, Anton$d1861-1934$4aut$1http://www.wikidata.org/entity/Q15448761$97534
=245  \\$aUit mijn practijk:$bwenken en raadgevingen bij het onderwijs en de studie van den solozang
=250  \\$a2nd ed.
=260  \\$aThe Hague$bKruseman$c1928
=300  \\$a148 pages
=490  \\$aKruseman's Muziebibliotheek$v2
=500  \\$aAverkamp (1861-1934) was a singer, vocal pedagogue, conductor and composer who was interested in early vocal practices (going to Dufay)
=534  \\$aOriginally published in 1916
=561  \\$aEx libris J. Mathot (manuscript)
=648  \0$a20th Century (1901-2000)$1http://www.wikidata.org/entity/Q6927$920936
=650  \0$aMethod$1http://www.wikidata.org/entity/Q2250960$921402
=650  \0$aMusic education$1http://www.wikidata.org/entity/Q27908$921766
=650  \0$aSinging$1http://www.wikidata.org/entity/Q27939$92767
=651  \0$aNetherlands$1http://www.wikidata.org/entity/Q55$9173
=942  \\$cBOO
=952  \\$00$10$2ddc$40$6KTS_1_000000000000000_C2_68_11J01$70$8RAR$93258$aORPH$bORPH$cKTS1_C2$d2020-07-08$eKoopman$l0$oKTS1 C2.68 11J01$p20140177$r2021-01-12 00:00:00$w2021-01-12$yBOO
=999  \\$d3258

