=LDR  01661aam a2200265   4500
=001  3259
=008  230207r19031885|||ag|||\||||\00|\0\dut\d
=041  \\$adut$hger
=245  \\$aGeschiedenis der muziek
=250  \\$a3rd ed.
=260  \\$aLeiden$bSijthoff$c1903
=300  \\$axviii-[i]-319 pages
=500  \\$aWilhelm Langhans was German composer, educator and violinist. He emphatically pointed out the importance of music education, advocated "the equality of music with the other disciplines of high school education" (Das musikalische Urteil, 1872) and proposed a reform of higher musical education, for which he called for a university-like structure and an improvement in the situation of teachers
=500  \\$aJacobus (Jacques) Hartog (1837-1917) was a Dutch music educator
=500  \\$aThe third edition of this book was considerably adapted and enlarged
=534  \\$aOriginally published in 1885
=648  \0$a19th Century (1801-1900)$1http://www.wikidata.org/entity/Q6955$920935
=650  \0$aMusic history$1http://www.wikidata.org/entity/Q846047$921373
=651  \0$aEurope$1http://www.wikidata.org/entity/Q46$991
=700  1\$4aut$aLanghans, Wilhelm$d1832-1892$1http://www.wikidata.org/entity/Q4253746$97536
=700  \\$4edt$4trl$aHartog, Jacques$d1837-1917$1http://www.wikidata.org/entity/Q4496103$97535
=856  \\$uhttps://www.delpher.nl/nl/boeken/view?identifier=MMSFUBA02:000012960:00006$3National Library of the Netherlands
=942  \\$cBOO
=952  \\$00$10$2ddc$40$6KTS_1_000000000000000_C2_68_11J02$70$8RAR$93259$aORPH$bORPH$cKTS1_C2$d2020-07-08$eKoopman$l0$oKTS1 C2.68 11J02$p20140176$r2021-01-12 00:00:00$w2021-01-12$yBOO
=999  \\$d3259

