=LDR  03060aam a2200397   4500
=001  3261
=005  20251103102746.0
=008  230207m17291769|||acf||\||||\00|\0cdut\d
=041  \\$adut
=100  \\$aWeyerman, Jacob Campo$d1677-1747$4aut$1http://www.wikidata.org/entity/Q2929721$97538
=245  \\$aDe levens-beschryvingen der Nederlandsche konst-schilders en konst-schilderessen,
=260  \\$aThe Hague$bBoucquet$bScheurleer$bde Jongh$c1729
=260  \\$aDordrecht$bBlussé en Zoon$c1769
=300  \\$a4 vols.([xiv]-412-[5]+[iv]-414-[5+[iv]-446-[4]+475-[5] pages)$bleather bound, red edges, embossed spine in red and gold, title pages engraved and in red and black ink, engraved frontispieces, folded pages, illustrations, portraits, plates
=500  \\$aRichly illustrated volumes, marvellous portraits & frontispiece
=500  \\$afolded pages and inserted full-page illustrations are not paginated
=561  \\$aEx libris H. Braquenie père, Mai 1875 (manuscript)
=590  \\$amet een uytbreyding over de schilder-konst Verrykt met de Konterfeytsels der Voornaamste Konst-Schilders en Konst-Schilderessen, cierlyk in koper gesneden door J. Houbraken (Vol. 1-3)
=590  \\$aMet voorafgaande aanmerkingen over het Betamelyke en het Wanvoeglyke van de Schilderkonst, benevens een Korte Levensschets der Konstschilders van de Schilder-Akademie in 's Hage. Verrykt met nieuwe vignetten (Vol. 4)
=648  \0$a18th Century (1701-1800)$1http://www.wikidata.org/entity/Q7015$920899
=650  \0$aBiography$1http://www.wikidata.org/entity/Q36279$91927
=650  \0$aFemale$1http://www.wikidata.org/entity/Q6581072$921764
=650  \0$aFine art$1http://www.wikidata.org/entity/Q219625$921579
=651  \0$aNetherlands$1http://www.wikidata.org/entity/Q55$9173
=651  \0$aFlanders (Belgium)$1http://www.wikidata.org/entity/Q234$989
=700  \\$4egr$aHoubraken, Jacobus$d1698-1780$1http://www.wikidata.org/entity/Q1375551$96231
=856  \\$uhttps://books.google.be/books?id=KVJbAAAAQAAJ$3vol. 1   
=856  \\$uhttps://books.google.be/books?id=PFJbAAAAQAAJ$3vol.2    
=856  \\$uhttps://books.google.be/books?id=dcNPAQAAIAAJ$3vol.3
=856  \\$uhttps://books.google.be/books?id=rUxbAAAAQAAJ$3vol. 4
=942  \\$cBOO
=952  \\$00$10$2ddc$3vol. 1$40$6KTS_1_000000000000000_C2_68_11J04_01$70$8RAR$93261$aORPH$bORPH$cKTS1_C2$d2020-07-08$eKoopman$l0$oKTS1 C2.68 11J04_01$p20140185$r2021-01-12 00:00:00$w2021-01-12$yBOO
=952  \\$00$10$2ddc$3vol. 3$40$6KTS_1_000000000000000_C2_68_11J04_03$70$8RAR$93262$aORPH$bORPH$cKTS1_C2$d2020-07-08$eKoopman$l0$oKTS1 C2.68 11J04_03$p20140187$r2021-01-12 00:00:00$w2021-01-12$yBOO
=952  \\$00$10$2ddc$3vol. 2$40$6KTS_1_000000000000000_C2_68_11J04_02$70$8RAR$922484$aORPH$bORPH$cKTS1_C2$d2020-07-08$eKoopman$l0$oKTS1 C2.68 11J04_02$p20140186$r2023-02-07 00:00:00$w2021-01-12$yBOO
=952  \\$00$10$2ddc$3vol. 4$40$6KTS_1_000000000000000_C2_68_11J04_04$70$8RAR$922485$aORPH$bORPH$cKTS1_C2$d2020-07-08$eKoopman$l0$oKTS1 C2.68 11J04_04$p20140188$r2023-02-07 00:00:00$w2021-01-12$yBOO
=999  \\$d3261

