=LDR  01475aam a2200277   4500
=001  3265
=005  20250925143256.0
=008  230207s1940\\\\||||||||\||||\00|\p\dut\d
=041  \\$adut
=100  1\$aHeeroma, Klaas$d1909-1972$4edt$1http://www.wikidata.org/entity/Q2201154$97540
=245  \\$aProtestantse poëzie der 16de en 17de eeuw$nvol. 1
=260  \\$aAmsterdam$bElsevier$c1940
=300  \\$a[vii]-xxv-215-[1] pages
=490  \\$aBibliotheek der Nederlandse letteren
=500  \\$aKlaas Hanzen Heeroma (1909-1972) was a Dutch poet and linguist. Heeroma wrote under the pseudonym Muus Jacobse, the name of one of his maternal ancestors who had been a fisherman on the island of Marken.
=561  \\$aEx libris W. Romijn (plate)
=648  \0$a16th Century (1501-1600)$1http://www.wikidata.org/entity/Q7017$920944
=648  \0$a17th Century (1601-1700)$1http://www.wikidata.org/entity/Q7016$920923
=648  \0$a20th Century (1901-2000)$1http://www.wikidata.org/entity/Q6927$920936
=650  \0$aPoetry$1http://www.wikidata.org/entity/Q482$93026
=650  \0$aProtestantism$1http://www.wikidata.org/entity/Q23540$921012
=650  \0$aLiterature$1http://www.wikidata.org/entity/Q8242$94439
=651  \0$aNetherlands$1http://www.wikidata.org/entity/Q55$9173
=942  \\$cBOO
=952  \\$00$10$2ddc$40$6KTS_1_000000000000000_C2_68_11J07$70$8RAR$93265$aORPH$bORPH$cKTS1_C2$d2020-07-08$eKoopman$l0$oKTS1 C2.68 11J07$p20140180$r2021-01-12 00:00:00$w2021-01-12$yBOO
=999  \\$d3265

