=LDR  03536    a2200493   4500
=001  3268
=008  230207s1781\\\\|||af|||\||||\00|\p\dut\d
=041  \\$adut$hger
=100  \\$aGellert, Christian Fürchtegott$d1715-1769$4aut$1http://www.wikidata.org/entity/Q60584$95276
=245  \\$aFabelen en vertelsels,$bin Nederduitsche vaerzen gevolgd
=260  \\$aAmsterdam$bMeijer$c1781$c1782$c1785
=300  \\$a3 vols. ([vi]-166-[2]+[ii]-168-[3]+[iv]-155-[4] pages)$bfrontispiece engraving, marbled cardboard cover, cloth spine and corners, engraved title pages, 149 inserted and unpaginated  engraved plates
=500  \\$aDutch translations appeared from 1773 onwards
=500  \\$aTranslated by Johannes Lublink de jonge, H. J. Roullaud, J. P. Broekhoff, P. Meijer, F. Lutkeman and B. de Bosch
=500  \\$asee also 11J08
=500  \\$aChristian Fürchtegott Gellert was a German poet and moral philosopher of the Enlightenment and was considered the most widely read German writer during his lifetime, alongside Christian Felix Weiße. 
=500  \\$aVibrant, illustrating and emblematic engravings by Dutch artists Noach van der Meer jr (1741-1822) after Jacobus Buys (1724-1801);  54 in vol. 1,  62 in vol. 2, 33 in vol. 3

=534  \\$aFabeln und Erzählungen$c1746-48
=648  \0$a18th Century (1701-1800)$1http://www.wikidata.org/entity/Q7015$920899
=650  \0$aMoral education$1http://www.wikidata.org/entity/Q25457248$93171
=650  \0$aFine art$1http://www.wikidata.org/entity/Q219625$921579
=650  \0$aIconography$1http://www.wikidata.org/entity/Q208145$921259
=650  \0$aEmblem$1http://www.wikidata.org/entity/Q112110$93250
=650  \0$aMythology$1http://www.wikidata.org/entity/Q9134$921600
=650  \0$aPoetry$1http://www.wikidata.org/entity/Q482$93026
=650  \0$aShort story$1http://www.wikidata.org/entity/Q49084$925095
=651  \0$aNetherlands$1http://www.wikidata.org/entity/Q55$9173
=653  \0$abibliotheek$342, 112, 130$020140191$w11J10_01$929548
=653  \0$abibliotheek$373, 109, 121$020140192$w11J10_02$929548
=653  \0$adansen$36$020140191$w11J10_01$930928
=653  \0$aemoties$3141$020140192$w11J10_02$931445
=653  \0$aroem$3151-155$020140193$w11J10_03$938498
=653  \\$aGellert en muziek$3159$020140193$w11J10_03$932095
=700  \\$4egr$aMeer junior, Noach van der$d1745-1792$1http://www.wikidata.org/entity/Q41273892$925714
=700  \\$4dsr$aBuys, Jacobus$d1724-1801$1http://www.wikidata.org/entity/Q6119855$96230
=765  \\$aFabeln und Erzählungen
=856  \\$uhttps://books.google.be/books?id=cQygBS22toYC&printsec=frontcover&hl=nl&source=gbs_ge_summary_r&cad=0#v=onepage&q&f=false$3vol. 1
=856  \\$uhttps://books.google.be/books?id=tv3-WJcsarcC&printsec=frontcover&hl=nl&source=gbs_ge_summary_r&cad=0#v=onepage&q&f=false$3vol. 2
=856  \\$uhttps://books.google.be/books?id=7-NWAAAAcAAJ$3vol. 3
=942  \\$cBOO
=952  \\$00$10$2ddc$3vol. 1$40$6KTS_1_000000000000000_C2_68_11J10_01$70$8RAR$93268$aORPH$bORPH$cKTS1_C2$d2020-07-08$eKoopman$l0$oKTS1 C2.68 11J10_01$p20140191$r2021-01-12 00:00:00$w2021-01-12$yBOO
=952  \\$00$10$2ddc$3vol. 2$40$6KTS_1_000000000000000_C2_68_11J10_02$70$8RAR$922487$aORPH$bORPH$cKTS1_C2$d2020-07-08$eKoopman$l0$oKTS1 C2.68 11J10_02$p20140192$r2023-02-07 00:00:00$w2021-01-12$yBOO
=952  \\$00$10$2ddc$3vol. 3$40$6KTS_1_000000000000000_C2_68_11J10_03$70$8RAR$922488$aORPH$bORPH$cKTS1_C2$d2020-07-08$eKoopman$l0$oKTS1 C2.68 11J10_03$p20140193$r2023-02-07 00:00:00$w2021-01-12$yBOO
=999  \\$d3268

