=LDR  01423aam a2200229   4500
=001  3269
=008  230208b\\\\\\\\||||||||\||||\00|\0\###\d
=041  \\$ager
=100  \\$aLiliencron, Rochus von$d1820-1912$4aut$1http://www.wikidata.org/entity/Q215701$97544
=245  \\$aUeber den Chorgesang in der evangelischen Kirche
=260  \\$aBerlin$bHabel$c1880
=300  \\$a171 pages
=500  \\$aRochus Wilhelm Traugott Heinrich Ferdinand Freiherr von Liliencron (1820-1912) was a Germanist and historian, known for his collection of German Volkslieder (folk songs), published in five volumes in 1865–1869, and as the editor of the biographical reference work Allgemeine Deutsche Biographie (ADB), published 1875–1912.
=561  \\$aEx biblioteca Theologische Kandidatenbibliothek Hamburg (stamp) & Landeskirchliche Bücherei Hamburg (stamp)
=648  \0$a19th Century (1801-1900)$1http://www.wikidata.org/entity/Q6955$920935
=650  \0$aMusic history$1http://www.wikidata.org/entity/Q846047$921373
=650  \0$aChoral music$1http://www.wikidata.org/entity/Q1076513$94368
=650  \0$aProtestantism$1http://www.wikidata.org/entity/Q23540$921012
=651  \0$aGermany$1http://www.wikidata.org/entity/Q183$9155
=942  \\$cBOO
=952  \\$00$10$2ddc$40$6KTS_1_000000000000000_C2_68_11J12$70$8RAR$93269$aORPH$bORPH$cKTS1_C2$d2020-07-08$eKoopman$l0$oKTS1 C2.68 11J12$p20140183$r2021-01-12 00:00:00$w2021-01-12$yBOO
=999  \\$d3269

