=LDR  01023acm a2200205   4500
=001  3270
=008  230208s1801\\\\|||||l||\||||\00|\0\lat\d
=041  \\$alat
=245  \\$aManuale chori ad usum canonicorum præclaræ congregationis S. Joannis Evangelistæ
=260  \\$aPortugal$bRiberius$c1801
=300  \\$avii-264-[2] pages
=563  \\$aBeautiful binding in red leather, golden embossed ornamentations, gauffered gilt edges & marbled endpapers
=648  \0$a19th Century (1801-1900)$1http://www.wikidata.org/entity/Q6955$920935
=650  \0$aProtestantism$1http://www.wikidata.org/entity/Q23540$921012
=650  \0$aChoral music$1http://www.wikidata.org/entity/Q1076513$94368
=650  \0$aPlainchant$1http://www.wikidata.org/entity/Q2707688$921363
=651  \0$aPortugal$1http://www.wikidata.org/entity/Q45$9136
=942  \\$cSCO
=952  \\$00$10$2ddc$40$6KTS_1_000000000000000_C2_68_11J14$70$8RAR$93270$aORPH$bORPH$cKTS1_C2$d2020-07-08$eKoopman$l0$oKTS1 C2.68 11J14$p20140182$r2021-01-12 00:00:00$w2021-01-12$ySCO
=999  \\$d3270

