=LDR  01251aam a2200229   4500
=001  3271
=008  230208s1713\\\\|||a||||\||||\00|\d\dut\d
=041  \\$adut
=100  \\$aHalmael, Hendrik van$d1654-1718$4aut$1http://www.wikidata.org/entity/Q108504583$97520
=245  \\$aDe gestrafte Pasquyn. Blyspel
=260  \\$aAmsterdam$bGaete, van de$c1713
=300  \\$a47 pages$bbound in white vellum, frontispiece engraving, engraved title page
=500  \\$aintresting frontispiece engraving depicting a scene of the play, anonymous, but probably by Dutch draughtsman, printmaker and publisher Pieter van den Berghe (1659-1737).
=501  \\$aBound in with 'Overdaad en gierigheid'
=648  \0$a18th Century (1701-1800)$1http://www.wikidata.org/entity/Q7015$920899
=650  \0$aPlay (theater)$1http://www.wikidata.org/entity/Q25379$921414
=651  \0$aAmsterdam (Netherlands)$1http://www.wikidata.org/entity/Q727$9135
=773  \\$03272$tOverdaad en gierigheid$w3272
=856  \\$uhttps://books.google.be/books?id=4BxKAAAAcAAJ$3Google Books
=942  \\$cBOO
=952  \\$00$10$2ddc$40$6KTS_1_000000000000000_C2_68_11J15B$70$8RAR$93271$aORPH$bORPH$cKTS1_C2$d2020-07-08$eKoopman$l0$oKTS1 C2.68 11J15b$p20140194b$r2021-01-12 00:00:00$w2021-01-12$yBOO
=999  \\$d3271

