=LDR  01391aam a2200229   4500
=001  3284
=008  230208s1855\\\\|||a||||\||||\00|\0\ger\d
=041  \\$ager
=100  1\$aZamminer, Friedrich Georg Karl$d1817-1858$4aut$1http://www.wikidata.org/entity/Q19828560$97553
=245  \\$aDie Musik und die musikalischen Instrumente in ihrer Beziehung zu den Gesetzen der Akustik
=260  \\$aGiessen$bRicker$c1855
=300  \\$axii-437-[2] pages$billustrations
=500  \\$aFriedrich Georg Karl Zamminer (1817 in Darmstadt-1858) was a German physicist and chemist.
=500  \\$aIn 1855 he published this book on the acoustics of musical instruments. He has also published on geophysics, magnetization of iron rods by electric current and crystal optics, among other things.
=648  \0$a19th Century (1801-1900)$1http://www.wikidata.org/entity/Q6955$920935
=650  \0$aOrganology$1http://www.wikidata.org/entity/Q899293$921400
=650  \0$aAcoustics$1http://www.wikidata.org/entity/Q82811$921365
=651  \0$aGermany$1http://www.wikidata.org/entity/Q183$9155
=856  \\$uhttps://reader.digitale-sammlungen.de/de/fs1/object/display/bsb10599799_00007.html$3Bavarian State Library
=942  \\$cBOO
=952  \\$00$10$2ddc$40$6KTS_1_000000000000000_C2_69_11J26$70$8RAR$93284$aORPH$bORPH$cKTS1_C2$d2020-07-08$eKoopman$l0$oKTS1 C2.69 11J26$p20140200$r2021-01-12 00:00:00$w2021-01-12$yBOO
=999  \\$d3284

