=LDR  03991aam a2200385   4500
=001  3285
=008  230213s1635\\\\|||a||||\||||\00|\0\dut\d
=041  \\$adut
=100  \\$aPers, Dirck Pietersz.$d1581-1659$4aut$1http://www.wikidata.org/entity/Q37800861$95734
=245  \\$aIonas de straf-prediker
=260  \\$aAmsterdam$bPietersz$c1635
=300  \\$a[vi]-132-[iii] pages
=500  \\$aDirk Pietersz. Pers started his carreer as a printer and later became a successful Dutch publisher, writer and poet. One of his most important works was a translation of Cesare Ripa's Iconologia. 
=500  \\$aPers's printers emblem is printed on the title page, with the motto: 'Ick strii op sno eerde'. Contains beautiful engravings and woodcut initial letters. The first part of the book, 'Ionas de Straf-Prediker', contains four (round) engraved illustrations (on pages 1, 23, 31, 73). The second part, 'De Boetvaerdige Sondaressen,' has 6 engravings (pages 87, 93, 101, 107, 111, 117). On page 123 there is an engraving depicting Jesus Christ signed 'JV.in.D Geijn.ex'.
=500  \\$aFrom the description from the website of the New York Public Library: "Illustrations: 11 prints : engraving [...] Comprise 4 circular prints illustrating Jonas de straf-prediker, one signed H. Bol, HC f., H. v. Luyck and one HC f.; 6 prints depicting the penitent women of the New Testament, 2 signed H. Goltius inuentor; and one print depicting Christ the Redeemer, signed J.V. in., D. Geijn ex. The Jonas series was originally engraved by H. Cock after Bol; the penitents are reduced and reversed copies by Karel van Sichem of engravings by Jan Saenredam after Goltzius; and the Christ was engraved by Jacob de Gheyn. References: Hollstein, F.H.W. Dutch and Flemish, III, p. 50, no. 3-6; IV, p. 185, no. 101-104; VIII, p. 135, no. 330-335; XXIII, p. 33-35, no. 35-40; XXVII, p. 69-70, no. 19-24; VII, p. 190, no. 431. Publisher's device (on t.p.): 1 print : woodcut ; oval image 53 x 43 mm."
=504  \\$aContains an index ('Register').
=534  \\$aOriginally published in 1623
=563  \\$aBound in color-stamped paper
=590  \\$aVan Gode af-gesonden, om die van Ninive tot boete ende beteringe des levens op te wecken. Waer by ghevoeght zijn: De Bekeeringe eeniger Boetvaerdige Sondaressen des Nieuwen Testaments: Als mede verscheyden uyt-schriften der Joden en Romeynen, van de gedaente Iesu Christi: oock eenige ongemeene Send-brieven en Schriften, neffens de klachte Iesu Christi, over de ondanckbaere Werreld, ten dele noyt voor desen gesien. Waer in 't gevaer der Zee-vaerende luyden, en wat voorts tot bestraffinge van de Huys en Land-gebreecken, tot opweckinge der Boetvaerdigheyd noodigh is, ernsthaftigh wordt aen-gewesen. Alles tot stichtinge en verbeteringe van dese bedorven Eeuwe, in dicht uytgebreyd, door D. P. Pers, en met verscheyden Konst-platen verciert
=648  \0$a17th Century (1601-1700)$1http://www.wikidata.org/entity/Q7016$920923
=650  \0$aReligion$1http://www.wikidata.org/entity/Q9174$93062
=650  \0$aMoral education$1http://www.wikidata.org/entity/Q25457248$93171
=650  \0$aFine art$1http://www.wikidata.org/entity/Q219625$921579
=650  \0$aEmblem$1http://www.wikidata.org/entity/Q112110$93250
=650  \0$aOld Testament$1http://www.wikidata.org/entity/Q19786$923499
=651  \0$aNetherlands$1http://www.wikidata.org/entity/Q55$9173
=653  \\$aBol, H.$31$020140198$w11J27a$929740
=653  \\$aGeyn, I.D.$3123$020140198$w11J27b$932172
=653  \\$aLuyck, H. v.$31$020140198$w11J27a$934298
=653  \\$aSoltius, H.$393, 101$020140198$w11J27b$936353
=700  \\$aGoltzius, Hendrik$d1558-1617$1http://www.wikidata.org/entity/Q165367$4ill$926943
=856  \\$uhttps://books.google.be/books?id=Z65JAAAAcAAJ$3Google Books
=942  \\$cBOO
=952  \\$00$10$2ddc$40$6KTS_1_000000000000000_C2_69_11J27$70$8RAR$93285$aORPH$bORPH$cKTS1_C2$d2020-07-08$eKoopman$l0$oKTS1 C2.69 11J27$p20140198$r2021-01-12 00:00:00$w2021-01-12$yBOO
=999  \\$d3285

