=LDR  02544aam a2200361   4500
=001  3288
=005  20250926135308.0
=008  220524s1762\\\\|||g||||\||||\00|\0\ger\d
=041  \\$ager
=059  \\$akbd
=100  \\$aBach, Carl Philipp Emanuel$d1714-1788$4aut$1http://www.wikidata.org/entity/Q76428$99218
=245  \\$aVersuch über die wahre Art das Clavier zu spielen$nZweiter Teil
=250  \\$a1st ed.
=260  \\$aBerlin$bWinter$c1762
=300  \\$a[x]-341-[1] pages$bmusic examples, inserted folded page, leather bound, engraved title page, illustration, pencil markings
=500  \\$aFirst part published in 1753 (cited in Koopman 'Barokmuziek: Theorie en praktijk (Utrecht/Antwerpen, 1985), pages 7 and 73)
=500  \\$amusic education textbook. The first, independent part was published in Berlin in 1753, the second part followed in 1762. Together with Quantz's 'attempt at instructions to play the flute traversiere' and Leopold Mozart's 'attempt at a thorough violin tutoring', CPE Bach's textbook is the most important source of information for historical performance practice and for questions of taste in the middle of the 18th century.
=500  \\$athis copy contains red and black pencil markings, and some manuscript corrections in black ink.
=504  \\$ahttps://de.wikisource.org/wiki/Versuch_%C3%BCber_die_wahre_Art_das_Clavier_zu_spielen
=561  \\$aEx libris E. Güutardberg (??) (manuscript)
=590  \\$ain welchem die Lehre von dem Accompagnement und der freyen Fantasie abgehandelt wird. Nebst einer Kupfertafel
=648  \0$a18th Century (1701-1800)$1http://www.wikidata.org/entity/Q7015$920899
=650  \0$aMethod$1http://www.wikidata.org/entity/Q2250960$921402
=650  \0$aKeyboard music$1http://www.wikidata.org/entity/Q105715630$921412
=650  \0$aImprovisation$1http://www.wikidata.org/entity/Q1049625$93640
=650  \0$aBasso continuo$1http://www.wikidata.org/entity/Q724321$921065
=650  \0$aAccompaniment$1http://www.wikidata.org/entity/Q504514$92918
=650  \0$aComposing$1http://www.wikidata.org/entity/Q92186587$93076
=651  \0$aGermany$1http://www.wikidata.org/entity/Q183$9155
=856  \\$uhttps://imslp.org/wiki/Versuch_%C3%BCber_die_wahre_Art_das_Clavier_zu_spielen,_H.868,_870_(Bach,_Carl_Philipp_Emanuel)$3International Music Score Library Project
=942  \\$cBOO
=952  \\$00$10$2ddc$40$6KTS_1_000000000000000_C2_69_11J30$70$8RAR$93288$aORPH$bORPH$cKTS1_C2$d2020-07-08$eKoopman$oKTS1 C2.69 11J30$p20140212$r2021-01-12 00:00:00$w2021-01-12$yBOO
=999  \\$d3288

