=LDR  02211aam a2200313   4500
=001  3289
=008  230213s1752\\\\||||||||\d|||\00|\|dfre\d
=041  \\$afre
=100  \\$aLacombe, Jacques$d1724-1811$4aut$1http://www.wikidata.org/entity/Q3159232$97302
=245  \\$aDictionnaire portatif des beaux-arts$bou abrégé de ce qui concerne l'architecture, la sculpture, la peinture, la gravure, la poésie & la musique;
=250  \\$a1st ed.
=260  \\$aParis$bEstienne$bHérissant$c1752
=300  \\$a[iv]-viii-707-[3] pages$bleather bound, gilded spine, red edges, marbled endpapers, illustration
=500  \\$asee also 11K02 for the 1753 ed.
=500  \\$acontains one engraving by Jacques-Philippe Le Bas (1707-1783) after De Sève (?Jacques de Sève, actif 1742-1788) depicting 8 cupids performing art (playing music, composing, drawing, painting...) guided from above by Apollo seated on a cloud
=561  \\$aEx libris C. De Nieulant (manuscript)
=561  \\$aEx libris A. de Leris (manuscript)
=590  \\$aavec la définition de ces Arts, l'explication des Termes & des choses qui leur appartiennent : ensemble Les noms, la datte de la naissance & de la mort, les circonstances les plus remarquables de la vie, & le genre particulier de talent des personnes qui se sont distinguées dans ces différens Arts parmi les Anciens & les Modernes en France & dans les Pays étrangers. Par M. L** Avocat.
=648  \0$a18th Century (1701-1800)$1http://www.wikidata.org/entity/Q7015$920899
=650  \0$aFine art$1http://www.wikidata.org/entity/Q219625$921579
=650  \0$aMusic history$1http://www.wikidata.org/entity/Q846047$921373
=650  \0$aBiography$1http://www.wikidata.org/entity/Q36279$91927
=650  \0$aArchitecture$1http://www.wikidata.org/entity/Q12271$93185
=650  \0$aLiterature$1http://www.wikidata.org/entity/Q8242$94439
=650  \0$aDictionary$1http://www.wikidata.org/entity/Q23622$921580
=856  \\$uhttps://gallica.bnf.fr/ark:/12148/bpt6k5400956f$3Gallica
=942  \\$cBOO
=952  \\$00$10$2ddc$40$6KTS_1_000000000000000_C2_69_11K01$70$8RAR$93289$aORPH$bORPH$cKTS1_C2$d2020-07-08$eKoopman$l0$oKTS1 C2.69 11K01$p20140213$r2021-01-12 00:00:00$w2021-01-12$yBOO
=999  \\$d3289

