=LDR  02912aab a2200337   4500
=001  3291
=008  230214i17171719|||a|||||y|||\00|\0\ger\d
=041  \\$ager
=100  \\$aSicul, Christoph Ernst$d1681-1732$4aut$4edt$4col$1http://www.wikidata.org/entity/Q72938464$97554
=240  \\$aLeipzig Yearbook Dritte Probe, 1717, 1718 & 1719
=245  \\$aBeylage zu des Leipzig. Jahr-Buchs dritten Probe & Die andere Beylage & Die Dritte Beylage
=250  \\$a1st ed.
=260  \\$aLeipzig$bSicul$c1717
=300  \\$bbound in white vellum$a276-[30] pages
=500  \\$aCollection name on spine: 'Siculs Annal. Lipsiens A.1715. c.Suppl.u: Beyl. ad A. 1717. 18. 19' 
=500  \\$aEx libris of Dr. Joachim Birke (1932-1970), Musicologist and music editor (Bach, organ...) 
=500  \\$aYearbook of the city of Leipzig 1717, 1718 and 1719 in continuing pagination
=500  \\$aSee also 11K04, 11K05 and 11K06
=501  \\$abound in with 'Neo-Annalium Lipsiensium Podromus Erste Probe 1715 & Podromi Neo-Annalium Lipsiensium Syndromus'
=504  \\$acontains index
=561  \\$aex libris Dr. Joachim Birke (Plate) 
=590  \\$aDarinn Die Leipzigischen Solennitäten auf des Kayserl.  Printzens Geburt, Sieben Lebens Beschreibungen jüngst verstorbener gelehrten Leipziger, Und einige andere Merckwürdigkeiten von Leipzig entworffen, Und in der Jubilate-Messe 1717 geliefert
=590  \\$aZu dem Leipziger Jahr Buche aufs Jahr 1718. Darinnen I. Die Nachricht vom Reformations Jubel E. Lobl. Univers. Leipzig wieder aufgelegt und in diess Format gebracht, Auch mit dem Verzeichniss herausgekommener Jubel Schriften etc. und insonderheit mit dem Inhalt der in Leipzig gehaltenen XLVI Jubel Predigten vermehrt II. Die Lebens Beschreibungen jüngst verstorbener Gelehrten Leipziger wie auch III. Der Beytrag historischer Merckwürdigkeiten von Leipzig fortgesetzt worden vom Autore des Leipz. Jahr Buchs
=590  \\$aZu dem Leipziger Jahr Buche aufs Jahr 1719. Darinnen I. Die Nachricht von etwas Alten und Neuen aus Leipzig, II. Die Lebens Beschreibungen jüngst verstorbener Gelehrten Leipziger, und III. Der Beytrag historischer Merckwürdigkeiten von Leipzig zum Theil auch Anmerckungen fortgesetzet, Auch ein Register über die in allen Fünf Proben vorkommenden Sachen beygefüget. Mithin der erste Band dieses Jahr Buch beschlossen wird.
=648  \0$a18th Century (1701-1800)$1http://www.wikidata.org/entity/Q7015$920899
=650  \0$aHistory$1http://www.wikidata.org/entity/Q309$921403
=651  \0$aLeipzig (Germany)$1http://www.wikidata.org/entity/Q2079$945
=773  \\$03294$tNeo-Annalium Lipsiensium Prodromus Erste Probe 1715 & Podromi Neo-Annalium Lipsiensium Syndromus$w3294
=942  \\$cPER
=952  \\$00$10$2ddc$40$6KTS_1_000000000000000_C2_69_11K03B$70$8RAR$93291$aORPH$bORPH$cKTS1_C2$d2020-07-08$eKoopman$l0$oKTS1 C2.69 11K03b$p20140215b$r2021-01-12 00:00:00$w2021-01-12$yPER
=999  \\$d3291

