=LDR  02688aab a2200361   4500
=001  3298
=008  230214i17151718|||a||p||y|||\00|\0\ger\d
=041  \\$ager
=100  \\$aSicul, Christoph Ernst$d1681-1732$4aut$4edt$4col$1http://www.wikidata.org/entity/Q72938464$97554
=240  \\$aLeipzig Yearbook Erste Probe 1715 & Supplement, 1716, 1717 & supplement,  1718, 1719
=245  \\$aNeo-Annalium Lipsiensium Prodromus Dritte Probe 1715 - Prodromi Neo-Annalium Lipsiensium Syndromus - Continuatio I, II & supplement, III, IV
=250  \\$a2nd ed.
=260  \\$aLeipzig$bSicul$bCörner$c1719
=300  \\$a[109]-822 pages$bModern marbled cardboard binding, white vellum spine, frontispiece engravings, inserted fold-out engravings and plate
=500  \\$aCollection name on spine: 'Siculs Leipziger Jahrbuch 1715-1719 2. Aufl.'
=500  \\$aFirst part (= Yearbook 1715) is unpaginated and contains 109 pages
=500  \\$aContinuing pagination starts at p.174 (= Supplement to 1715)
=500  \\$aSee also 11K03, 11K05 and 11K06
=501  \\$aBound in with ‘Beylage zu des Leipzig. Jahr-Buchs 1717, 1719 & Zugabe'

=504  \\$acontains index
=590  \\$aOder Des mit dem 1715ten Jahre Neu-angehenden Leipziger Jahr Buchs Erste Probe. Die andere Auflage Aufs neue duchgesehen und verbessert
=590  \\$aOder Supplement zu des neu angehenden Leipziger Jahr Buchs Erste Probe, Auf das 1715 Jahr 
=590  \\$aContinuatio I. Oder Des mit dem 1715ten Jahre Neu-angegangenen Leipziger Jahr Buchs Andere Probe, Auf das 1716 Jahr ausgefertiget
=590  \\$aContinuatio II. Oder Des mit dem 1715ten Jahre Neu-angegangenen Leipziger Jahr Buchs Dritte Probe, auf das 1717 Jahr ausgefertiget
=590  \\$aContinuatio II. continuata, Oder: Supplement zu des Leipziger Jahr Buchs Dritten Probe, in der Jubilate Messe 1717 ausgefertiget
=590  \\$aContinuatio III. Oder Des mit dem 1715ten Jahre Neu-angefangenen Leipziger Jahr Buchs Vierte Probe, auf das 1718te Jahr ausgefertiget, Und Mit einem dreyfachen Register statt eines Leipziger Titular Buchs und zu anderer Adresse versehen
=590  \\$aContinuatio IV. Oder Des mit dem 1715ten Jahre Neu-angefangenen Leipziger Jahr Buchs Fünffte Probe Auf das 1719te Jahr ausgefertiget
=648  \0$a18th Century (1701-1800)$1http://www.wikidata.org/entity/Q7015$920899
=650  \0$aHistory$1http://www.wikidata.org/entity/Q309$921403
=651  \0$aLeipzig (Germany)$1http://www.wikidata.org/entity/Q2079$945
=942  \\$cPER
=952  \\$00$10$2ddc$40$6KTS_1_000000000000000_C2_69_11K04A$70$8RAR$93298$aORPH$bORPH$cKTS1_C2$d2020-07-08$eKoopman$l0$oKTS1 C2.69 11K04a$p20140222$r2021-01-12 00:00:00$w2021-01-12$yPER
=999  \\$d3298

