=LDR  01959aab a2200301   4500
=001  3302
=008  230214i17201723|||a||||\y|||\00|\0\ger\d
=041  \\$ager
=100  \\$aSicul, Christoph Ernst$d1681-1732$4aut$4edt$4col$1http://www.wikidata.org/entity/Q72938464$97554
=240  \\$aLeipzig Yearbook 1719-1721
=245  \\$aDer Leipziger Jahr-Geschichte 1719-1721
=260  \\$aLeipzig$bSicul$bGute Freunde$c1720-23
=300  \\$a[6]-322 pages$bModern marbled cardboard binding, white vellum spine, title page with engraved printers' logo
=500  \\$aCollection name on spine: Siculs Leipziger Jahrbuch 1720-1722
=500  \\$aSee also 11K03, 11K04 and 11K06 
=501  \\$aBound in with 'Der Leipziger Jahr Geschichte 1719 & 1721 Anderer Theil - Monathlich Verzeichniß Allerhand im Jahr 1722' and ..............
=504  \\$aContains Index
=561  \\$aEx libris Martin Luther Universität Halle (Stamp)
=590  \\$aLeipziger Jahr Geschichte 1719 Oder Des bisherigen Leipziger Jahr Buchs Zu dessen Andern Bande Erste Fortsetzung
=590  \\$aLeipziger Jahr Geschichte 1720 Oder Des bisherigen Leipziger Jahr Buchs Zu dessen Andern Bande Andere Fortsetzung
=590  \\$aLeipziger Jahr Geschichte 1721 Oder Des bisherigen Leipziger Jahr Buchs Zu dessen Andern Bande Dritte Fortsetzung
=590  \\$aLeipziger Jahr Geschichte Oder Des Leipziger Jahr Buchs Zu dessen Andern Bande Vierte Fortsetzung Welche den Rückstand des Jahres 1721 liefert und mit zugehörigen Register Den Andern Band beschliesset.
=648  \0$a18th Century (1701-1800)$1http://www.wikidata.org/entity/Q7015$920899
=650  \0$aHistory$1http://www.wikidata.org/entity/Q309$921403
=651  \0$aLeipzig (Germany)$1http://www.wikidata.org/entity/Q2079$945
=942  \\$cPER
=952  \\$00$10$2ddc$40$6KTS_1_000000000000000_C2_69_11K05A$70$8RAR$93302$aORPH$bORPH$cKTS1_C2$d2020-07-08$eKoopman$l0$oKTS1 C2.69 11K05a$p20140229$r2021-01-12 00:00:00$w2021-01-12$yPER
=999  \\$d3302

