=LDR  01492aab a2200253   4500
=001  3303
=008  230215b\\\\\\\\||||||||\||||\00|\0\ger\d
=041  \\$ager
=100  \\$aSicul, Christoph Ernst$d1681-1732$4aut$4edt$4col$1http://www.wikidata.org/entity/Q72938464$97554
=240  \\$aLeipzig Year Memorial 1720-1722
=245  \\$aIII. Jahr-Gedächtniß der Itzt- (Beym Anfange des 1720sten Jahres) Lebenden in Leipzig
=260  \\$aLeipzig$bSicul$cs.d.
=300  \\$a126 pages$bModern marbled cardboard binding, white vellum spine,
=500  \\$aCollection name on spine: Siculs Leipziger Jahrbuch 1720-1722 
=500  \\$aAlphabetic register of names of important people in the city of Leipzig (university, citizens, church and schools, trade etc)
=500  \\$a See also 11K03, 11K04 and 11K06 
=501  \\$aBound in with 'Der Leipziger Jahr-Geschichte 1719-1721' and '‘Der Leipziger Jahr Geschichte 1719 & 1721 Anderer Theil - Monathlich Verzeichniß Allerhand im Jahr 1722’

=648  \0$a18th Century (1701-1800)$1http://www.wikidata.org/entity/Q7015$920899
=650  \0$aCuckoo$1http://www.wikidata.org/entity/Q18845$922474
=651  \0$aLeipzig (Germany)$1http://www.wikidata.org/entity/Q2079$945
=773  \\$03322$tDer Leipziger Jahr-Geschichte 1719-1721 $w3322
=942  \\$cPER
=952  \\$00$10$2ddc$40$6KTS_1_000000000000000_C2_69_11K05C$70$8RAR$93303$aORPH$bORPH$cKTS1_C2$d2020-07-08$eKoopman$l0$oKTS1 C2.69 11K05c$p20140229c$r2021-01-12 00:00:00$w2021-01-12$yPER
=999  \\$d3303

