=LDR  02086aab a2200265   4500
=001  3305
=008  230215i17261731||||||||\||||\00|\0\ger\d
=041  \\$alat
=100  \\$aSicul, Christoph Ernst$d1681-1732$4aut$1http://www.wikidata.org/entity/Q72938464$97554
=240  \\$aLeipzig Yearbook 1726-1730
=245  \\$aAnnalium Lipsiensium maxime academicorum, sectiones XVI-XL
=260  \\$aLeipzig$bSicul$c1727-31
=300  \\$a1337-[93] pages$bModern marbled cardboard binding, white vellum spine and corners, engraved title pages, illustrations
=500  \\$aSee also 11K03, 11K05 and 11K05
=500  \\$a Manuscript collection name on spine: '294'
=500  \\$a15 volumes in 1, in continous pagination
=500  \\$asectio XXVI  Vierten Bande Erste Vortsetzung, 1727 
Sectio XXVII Vierten Bande Andere Vortsetzung, 1728
Sectio XXVIII Vierten Bande Dritte Vortsetzung, 1728
Sectio XXIX Vierten Bande Vierte Vortsetzung, 1728
Sectio XXX Vierten Bande Fünfte Vortsetzung, 1728
Sectio XXXI Vierten Bande Sechste Vortsetzung, 1730
Sectio XXXII Vierten Bande Siebende Vortsetzung, s.d.
Sectio XXXIII Vierten Bande Achte Vortsetzung, 1730
Sectio XXXIV Vierten Bande Neunte Vortsetzung, 1730
Sectio XXXV Vierten Bande Zehnte Vortsetzung, 1730
Sectio XXXVI Vierten Bande Eilffte Vortsetzung, 1731
Sectio XXXVII Vierten Bande Zwölffte Vortsetzung, 1731
Sectio XXXVIII Vierten Bande Neunte Dreyzehnte Vortsetzung, 1731
Sectio XXXIX Vierten Bande Neunte Vierzehnte Vortsetzung, 1731
Sectio XL Vierten Bande Neunte Funffzehnte und letzte Vortsetzung, 1731
=500  \\$anot all volumes have an engraved title page
=504  \\$aincludes an extensive index
=648  \0$a18th Century (1701-1800)$1http://www.wikidata.org/entity/Q7015$920899
=650  \0$aHistory$1http://www.wikidata.org/entity/Q309$921403
=651  \0$aLeipzig (Germany)$1http://www.wikidata.org/entity/Q2079$945
=942  \\$cPER
=952  \\$00$10$2ddc$40$6KTS_1_000000000000000_C2_69_11K06$70$8RAR$93305$aORPH$bORPH$cKTS1_C2$d2020-07-08$eKoopman$l0$oKTS1 C2.69 11K06$p20140233$r2021-01-12 00:00:00$w2021-01-12$yPER
=999  \\$d3305

