=LDR  01332acm a2200265   4500
=001  3307
=005  20251029110828.0
=008  230214s1817\\\\|||||l||\||||\00|\0\dut\d
=041  \\$adut
=059  \\$av
=100  \\$aFeith, Rhijnvis$d1753-1824$4lyr$1http://www.wikidata.org/entity/Q1375304$95084
=245  \\$aVerzameling van liederen, waar bij gevoegd zijn eenige psalmen en evangelische gezangen
=260  \\$aAmsterdam$bMeijboom$c1817
=300  \\$a130-[i] pages
=500  \\$asee p. 131: "Men heeft bij de Liederen, die door den Heer Feith veranderd, of o nieuw zijn zamengested, de spelling van dien Dichter bewaard."
=590  \\$aTen gebruike van het Nederlandsche Zendeling-Genootschap
=648  \0$a19th Century (1801-1900)$1http://www.wikidata.org/entity/Q6955$920935
=650  \0$aPoetry$1http://www.wikidata.org/entity/Q482$93026
=650  \0$aPsalm$1http://www.wikidata.org/entity/Q12497663$92164
=650  \0$aReligion$1http://www.wikidata.org/entity/Q9174$93062
=650  \0$aProtestantism$1http://www.wikidata.org/entity/Q23540$921012
=651  \0$aNetherlands$1http://www.wikidata.org/entity/Q55$9173
=942  \\$cSCO
=952  \\$00$10$2ddc$40$6KTS_1_000000000000000_C2_69_11K08$70$8RAR$93307$aORPH$bORPH$cKTS1_C2$d2020-07-08$eKoopman$l0$oKTS1 C2.69 11K08$p20140217$r2021-01-12 00:00:00$w2021-01-12$ySCO
=999  \\$d3307

