=LDR  01506aam a2200265   4500
=001  3309
=008  230214s1798\\\\||||||||\||||\00|\0\ita\d
=041  \\$aita
=100  \\$aBatteux, Charles$d1713-1780$4aut$1http://www.wikidata.org/entity/Q1063695$95682
=245  \\$aCorso di belle lettere$nvols. 1&2
=250  \\$a4th italian ed. 
=260  \\$aVenice$bOrlandelli$c1798
=300  \\$a2 vols. (xii-395+370 pages)$bdamaged blue paper covers, pages uncut
=500  \\$aOriginally 'Cours de belles lettres' (1761)
=500  \\$aItalian translation originally published in 1772
=504  \\$aBoth volumes have a 'Tavola delle Materie' at the back.
=590  \\$aDel Signor Batteux, Professor di Rettorica nel Collegio Real di Navarra.
Edizione quarta Italiana accresciuta, e ridotta ad uso delle Scuole Pubbliche di Venezia. 
=648  \0$a18th Century (1701-1800)$1http://www.wikidata.org/entity/Q7015$920899
=650  \0$aLiterature$1http://www.wikidata.org/entity/Q8242$94439
=650  \0$aEducation$926206
=651  \0$aVenice (Italy)$1http://www.wikidata.org/entity/Q641$91
=942  \\$cBOO
=952  \\$00$10$2ddc$3vol. 1$40$6KTS_1_000000000000000_C2_69_11K10_01$70$8RAR$93309$aORPH$bORPH$cKTS1_C2$d2020-07-08$eKoopman$l0$oKTS1 C2.69 11K10_01$p20140223$r2021-01-12 00:00:00$w2021-01-12$yBOO
=952  \\$00$10$2ddc$3vol. 2$40$6KTS_1_000000000000000_C2_69_11K10_02$70$8RAR$922499$aORPH$bORPH$cKTS1_C2$d2020-07-08$eKoopman$l0$oKTS1 C2.69 11K10_02$p20140221$r2023-02-14 00:00:00$w2021-01-12$yBOO
=999  \\$d3309

