=LDR  01702aam a2200301   4500
=001  3311
=005  20250923161050.0
=008  230214s1830\\\\|||a||||\||||\00|\d\ita\d
=041  \\$aita
=100  \\$aGoldoni, Carlo$d1707-1793$4aut$1http://www.wikidata.org/entity/Q165534$911653
=245  \\$aRaccolta completa delle commedie di Carlo Goldoni$nVol. 47
=246  \1$aIl Padre per Amore. Commedia di Cinque Atti in Versi. Rappresentata per la prima volta in Venezia, nell' autunno dell'anno 1757
=246  \1$aIl Medico Olandese. Commedia di Cinque Atti in Versi. Rappresentata per la prima volta in Milano nell' estate dell' anno 1757
=260  \\$aVenice$bAntonelli$c1830
=300  \\$a2 vols. in 1 ([i]-79+[i]-79)$bpaper cover, frontispieces, illustrated title page, binding loose
=500  \\$aContains 'Il padre per amore' (1757) and 'Il medico olandese' (1756)
=500  \\$aBoth pieces have an engraved frontispiece after C. Rizzardini.
=590  \\$aIl padre per amore; Il medico Olandese
=648  \0$a18th Century (1701-1800)$1http://www.wikidata.org/entity/Q7015$920899
=648  \0$a19th Century (1801-1900)$1http://www.wikidata.org/entity/Q6955$920935
=650  \0$aPlay (theater)$1http://www.wikidata.org/entity/Q25379$921414
=650  \0$aLibretto$1http://www.wikidata.org/entity/Q131084$94031
=650  \0$aComedy$1http://www.wikidata.org/entity/Q40831$921436
=651  \0$aItaly$1http://www.wikidata.org/entity/Q38$922
=942  \\$cBOO
=952  \\$00$10$2ddc$40$6KTS_1_000000000000000_C2_69_11K12$70$8RAR$93311$aORPH$bORPH$cKTS1_C2$d2020-07-08$eKoopman$l0$oKTS1 C2.69 11K12$p20140226$r2021-01-12 00:00:00$w2021-01-12$yBOO
=999  \\$d3311
=533  \\$aDigitized by iGuana, Spring 2025.

