=LDR  03655    a2200505   4500
=001  3315
=008  220429s1658\\\\|||||lf|\||||\00|\p\ger\d
=041  \\$ager
=059  \\$aSB
=100  \\$aRist, Johann$d1607-1667$4aut$1http://www.wikidata.org/entity/Q66615$97559
=245  \\$aHimlische Lieder
=260  \\$aLüneburg$bStern$c1658
=300  \\$a11K14a: [xii]-351-[i] pages$b11K14a: engraved title page with portraits of Rist and Schop, music notation, many decorations and printer's emblems in text
=300  \\$a11K15a: [xxiii]-351-[i] pages$b11K15a: engraved title page and frontispiece of another Rist songbook, music notation and many decorations and printer's emblems in text
=500  \\$aFor each song the Cantus and Bassus parts are printed on adjacent pages with the text of the first verse under the music, followed by the complete text of the song. Some of the the Bassus parts are figured.  
=500  \\$aJohann Schop was a famous violin virtuozo. He collaborated with Johann Rist on 5 regligious songbooks. 
=500  \\$aContains an engraved and a typographical title page. However 11K15a is preceded by the the engraved title page and frontispiece of 'Neuer Himlischer Lieder Sonderbahres Buch, 1651'.
=501  \\$a11K14a: bound in with Rist's 'Neuer himlischer Lieder Sonderbahres Buch' (1651)
=501  \\$a11K15a: bound in with Rists's 'Neue musikalische Kreutz- Trost- Lob- und Dank-Schuhle' (1659)
=534  \\$aOriginally published in 1641
=561  \\$a11K14a: Ex libris F.C.A. Heydenreich Martisb. 1741 (ms on titlepage)
=561  \\$a11K14a: Ex libris Gymnasium Lüneburg (embossing stamp on tp)
=590  \\$aMit sehr lieblichen und anmuhtigen, von dem fürtrefflichen und weitberühmten H. Johann Schop, wolgesetzeten Melodeien : Nunmehr auffs neüe wiederum übersehen, in Eine gantz andere und richtigere Ordnung gebracht, an vielen Ohrten verbessert, und mit Einem nützlichen Blattweiser beschlossen
=648  \0$a17th Century (1601-1700)$1http://www.wikidata.org/entity/Q7016$920923
=650  \0$aPoetry$1http://www.wikidata.org/entity/Q482$93026
=650  \0$aReligion$1http://www.wikidata.org/entity/Q9174$93062
=650  \0$aLute$1http://www.wikidata.org/entity/Q180733$93944
=650  \0$aMultiple use$1http://www.wikidata.org/entity/Q16945557$925899
=651  \0$aGermany$1http://www.wikidata.org/entity/Q183$9155
=653  \0$aad lib bezetting$3Vorbericht iv$020140227$w11K14a$928466
=653  \0$aad lib bezetting$3tp$020140228$w11K15b_01$928466
=653  \0$aop de wijze van $34, 10$020140228$w11K15b_02$935398
=653  \0$afermate$32, 3, 8, 9, 14, 15 etc.: zeer onprecies genoteerd$020140228$w11K15b_02$931664
=653  \0$aviool$3tp$020140227$w11K14a$937605
=653  \0$aSchop, J.$3wb (portret), Vorbericht iv, v$020140227$w11K14a$938947
=653  \0$ameer benutten zelfde partituur$3wb$020140228$w11K15b_02$934589
=653  \\$aBurmeister, F.J.$344$020140228$w11K15b_01$930056
=653  \\$aDedekind, K.C.$345$020140228$w11K15b_01$930983
=653  \\$aJakobi, M.$3tp, 38, 39$020140228$w11K15b_01$933177
=700  \\$4cmp$aSchopp, Johann$d1590-1667$1http://www.wikidata.org/entity/Q657445$97558
=856  \\$uhttps://books.google.be/books?id=V4hFAAAAcAAJ$3Google Books
=942  \\$cSCO
=952  \\$00$10$2ddc$40$6KTS_1_000000000000000_C2_69_11K14A$70$8RAR$93313$aORPH$bORPH$cKTS1_C2$d2020-07-08$eKoopman$oKTS1 C2.69 11K14a$p20140227$r2021-01-12 00:00:00$w2021-01-12$ySCO
=952  \\$00$10$2ddc$40$6KTS_1_000000000000000_C2_69_11K15A$70$8RAR$93315$aORPH$bORPH$cKTS1_C2$d2020-07-08$eKoopman$oKTS1 C2.69 11K15a$p20140228$r2021-01-12 00:00:00$w2021-01-12$ySCO
=999  \\$d3315

