=LDR  01964    a2200397   4500
=001  3316
=008  230214s1659\\\\|||||lf|\||||\00|\0\ger\d
=041  \\$ager
=059  \\$aSB
=100  \\$aRist, Johann$d1607-1667$4aut$1http://www.wikidata.org/entity/Q66615$97559
=245  \\$aNeue musikalische Kreutz- Trost- Lob- und Dank-Schuhle
=250  \\$a1st ed.
=260  \\$aLüneburg$bStern$c1659
=300  \\$a104-429-[iii] pages$bprinted music, printed decorations in text, illustration on page 33, 
=500  \\$aThe engraved title page and frontispiece are missing. 
=501  \\$abound in with Rist's 'Himlische Lieder' (11K15a)
=648  \0$a17th Century (1601-1700)$1http://www.wikidata.org/entity/Q7016$920923
=650  \0$aPoetry$1http://www.wikidata.org/entity/Q482$93026
=650  \0$aPoetry$1http://www.wikidata.org/entity/Q482$93026
=650  \0$aLute$1http://www.wikidata.org/entity/Q180733$93944
=650  \0$aMultiple use$1http://www.wikidata.org/entity/Q16945557$925899
=651  \0$aGermany$1http://www.wikidata.org/entity/Q183$9155
=653  \0$acello$3fs$020140228b$w11K15_01$930344
=653  \0$adirigent$3fs$020140228b$w11K15_01$931092
=653  \0$aharp$3fs$020140228b$w11K15_01$932582
=653  \0$aviool$3fs$020140228b$w11K15_01$937605
=653  \0$azink$3fs$020140228b$w11K15_01$938157
=653  \0$aRist, J.$3fs$020140228b$w11K15_01$938468
=653  \0$aluit$3fs$020140228b$w11K15_01$934262
=653  \\$aSchop, J.$3tp, voorwoord$020140228b$w11K15_01$938947
=700  \\$4cmp$aJacobi, Michael$d1618-1663$1http://www.wikidata.org/entity/Q6831571$923900
=773  \\$03315$tHimlische Lieder (11K15)$w3315
=856  \\$uhttps://books.google.be/books?id=8npFAAAAcAAJ$3Google Books
=942  \\$cBOO
=952  \\$00$10$2ddc$40$6KTS_1_000000000000000_C2_69_11K15B_0102$70$8RAR$93316$aORPH$bORPH$cKTS1_C2$d2020-07-08$eKoopman$i11K15b_01-02$l0$oKTS1 C2.69 11K15b_01-02$p20140228b$r2021-01-12 00:00:00$w2021-01-12$ySCO
=999  \\$d3316

