=LDR  01421acm a2200277   4500
=001  3320
=008  230215s1781\\\\|||||l||\||||\00|\0\dan\d
=041  \\$adan
=059  \\$akbd
=100  \\$aSchiørring, Niels$d1743-1798$4cmp$1http://www.wikidata.org/entity/Q11991387$97562
=245  \\$aKirke-Melodierne til den 1778 udgangne Psalmebog. $bFor Claveer med udfatte Middelstemmer
=260  \\$aCopenhagen$bHallager$c1781
=300  \\$a[v]-68-[iv] pages$boblong, bound in leather
=500  \\$adedication to Princess Sophie Friderica
=500  \\$aNiels Schiorring studied with C.P.E. Bach in Hamburg. 
=504  \\$aContains an alphabetical index and a cross reference to the Allgemeinen Gesangbuch.
=648  \0$a18th Century (1701-1800)$1http://www.wikidata.org/entity/Q7015$920899
=650  \0$aVocal music$1http://www.wikidata.org/entity/Q685884$93319
=650  \0$aPsalm$1http://www.wikidata.org/entity/Q12497663$92164
=650  \0$aChorale$1http://www.wikidata.org/entity/Q724473$921334
=650  \0$aChurch music$1http://www.wikidata.org/entity/Q8812109$92283
=651  \0$aDenmark$1http://www.wikidata.org/entity/Q35$921295
=856  \\$uhttps://books.google.be/books?id=VxUna4-mQmkC$3Google Books
=942  \\$cSCO
=952  \\$00$10$2ddc$40$6KTS_1_000000000000000_C2_70_11K19$70$8RAR$93320$aORPH$bORPH$cKTS1_C2$d2020-07-08$eKoopman$l0$oKTS1 C2.70 11K19$p20140234$r2021-01-12 00:00:00$w2021-01-12$ySCO
=999  \\$d3320

