=LDR  01780acm a2200277   4500
=001  3321
=008  230215s1794\\\\|||||l||\||||\00|\0\ger\d
=041  \\$ager
=059  \\$av
=100  \\$aWegmann, Hans Ulrich$4edt$96845
=245  \\$aChoral-Buch enthaltend alle zu dem Gesangbuche der Evangelischen Brüdergemeinen vom Jahr 1778 gehörige Melodien
=260  \\$aTübingen$bFues$c1794
=300  \\$axvi-288-[vi] pages$boblong book
=500  \\$aOriginally published in 1778
=500  \\$aFrom the Preface: "Das Choralbuch [...] ist für Musiker [...] ein unverbesserliches Buch: Indessen haben viele gewünscht, daß solches nach Form der, in der Schweiz gebräuchliche Kirchen- und Gesangbüchern eingerichtet werden möchte, es sollte der Discant und Baß auseinander gesetzt, und Verse darunter geschrieben werden, damit solches zum Singen - zur Erlernung der Melodien - und überhaupt zum Gebrauch bequemer seyn möchte. Hier ist nun ein solches Buch [...] "
=500  \\$athe chorales are printed on two opposite pages: left the (figured) bass part, right the melody. 
=561  \\$aEx libris names written on title page
=648  \0$a18th Century (1701-1800)$1http://www.wikidata.org/entity/Q7015$920899
=650  \0$aChorale$1http://www.wikidata.org/entity/Q724473$921334
=650  \0$aChurch music$1http://www.wikidata.org/entity/Q8812109$92283
=650  \0$aVocal music$1http://www.wikidata.org/entity/Q685884$93319
=651  \0$aGermany$1http://www.wikidata.org/entity/Q183$9155
=856  \\$uhttps://books.google.be/books?id=o0hJMD4uMz0C$3Google Books
=942  \\$cSCO
=952  \\$00$10$2ddc$40$6KTS_1_000000000000000_C2_70_11K20$70$8RAR$93321$aORPH$bORPH$cKTS1_C2$d2020-07-08$eKoopman$l0$oKTS1 C2.70 11K20$p20140235$r2021-01-12 00:00:00$w2021-01-12$ySCO
=999  \\$d3321

