=LDR  01327aam a2200241   4500
=001  3323
=008  220913q1638\\\\|||a||||\||||\00|\0\ita\d
=041  \\$aita
=100  \\$aSabbattini, Nicola$d1574-1654$4aut$1http://www.wikidata.org/entity/Q3339903$97575
=245  \\$aPratica di fabricar scene e machine
=260  \\$aRavenna$bPaoli$bGiovanelli$c1638 [?]
=300  \\$a[iv]-89-[ii] pages$btitle page (and other introductionary matter) is missing, replaced by a ms titlepage
=500  \\$aThis is an early version of the first edition with missing title-page replaced by a manuscript copy
=500  \\$aSee also the facsimile of the second, extended edition: TRE SABA
=561  \\$aEx libris Petrucii, donated by Sentinelli 1654 (ms last page)
=648  \0$a17th Century (1601-1700)$1http://www.wikidata.org/entity/Q7016$920923
=650  \0$aStaging$1http://www.wikidata.org/entity/Q3508687$922118
=650  \0$aTheater$1http://www.wikidata.org/entity/Q24354$92225
=651  \0$aItaly$1http://www.wikidata.org/entity/Q38$922
=856  \\$uhttps://archive.org/details/praticadifabrica00sabb/page/n4$3Internet Archive
=942  \\$cBOO
=952  \\$00$10$2ddc$40$6KTS_1_000000000000000_C2_70_11L02$70$8RAR$93323$aORPH$bORPH$cKTS1_C2$d2020-07-08$eKoopman$l0$oKTS1 C2.70 11L02$p20140236$r2021-01-12 00:00:00$w2021-01-12$yBOO
=999  \\$d3323

