=LDR  06075aas a2201081   4500
=001  3324
=008  230215s1836\\\\|||m||||\||||\00|\0\dut\d
=041  \\$adut
=100  \\$aLagemans, E. G.$4edt$97576
=245  \\$aMuzijkaal tijdschrift$bEerste Jaargang
=260  \\$aThe Hague$bHooff$c1836
=300  \\$a11 volumes in 1 box (388+48 pages)$bfold-out plates, music examples
=500  \\$aThe second music journal ever published in the Netherlands. These eleven issues are all that has been publsihed; the journal did not continue after 1836.
=500  \\$aThe September issue contains an extra 48 pages with a report on a meeting of the Maatschappij tot Bevordering der Toonkunst. The November and December issues have been combined into one. 
=561  \\$aEx libris E.Th. Scheltinga Koopman Jr. (bookplate in issue 1)
=648  \0$a19th Century (1801-1900)$1http://www.wikidata.org/entity/Q6955$920935
=650  \0$aMusic criticism$1http://www.wikidata.org/entity/Q11748889$921598
=650  \0$aPeriodical$1http://www.wikidata.org/entity/Q1002697$921106
=650  \0$aJournalism$1http://www.wikidata.org/entity/Q11030$921960
=651  \0$aNetherlands$1http://www.wikidata.org/entity/Q55$9173
=653  \0$aAbbé Vogler$332?$020140237$w11L03$928417
=653  \0$abezetting_vocaal$342, 86, 87, 189, 214, 215$020140237$w11L03$929535
=653  \0$ablinden en muziek$3240-244$020140237$w11L03$929638
=653  \0$aboekprijs$3naast 1, 22, 27, 28, 34-36, naast 37, 60, 67, 68, 99, 132, 192-196, 225, 260, 271, 308$020140237$w11L03$929701
=653  \0$aBeethoven$3115-118, 192, 275-278$020140237$w11L03$929355
=653  \0$aBree, J.B. v.$316, 17, 21, 31, 37, 50, 85, 120, 153, 155, 188, 367$020140237$w11L03$929920
=653  \0$acastraten $397$020140237$w11L03$930283
=653  \0$aCherubini$330, 60, 109$020140237$w11L03$930430
=653  \0$aCimarosa$3369$020140237$w11L03$930481
=653  \0$amuziekkritiek$35-14 etc., 151-162, 211-223, 359-364$020140237$w11L03$935083
=653  \0$aNaumann, J.G.$369-77, 85, 155$020140237$w11L03$935161
=653  \0$acomponiste$3368, 369$020140237$w11L03$930632
=653  \0$acompositieloon$3255$020140237$w11L03$930641
=653  \0$aCorelli, A.$3328$020140237$w11L03$930736
=653  \0$aorganist$3101-109, 227, 237, 238, 286-290, 359$020140237$w11L03$935454
=653  \0$aoude muziek vroeger$3131, 369$020140237$w11L03$935658
=653  \0$aPaganini$3241$020140237$w11L03$935708
=653  \0$adirigent$3242, 304-307$020140237$w11L03$931092
=653  \0$aPiccini$3266, 267$020140237$w11L03$935958
=653  \0$adynamiek$3199, 200, 210$020140237$w11L03$931346
=653  \0$aemoties$384, 197, 205, 207, 229-232$020140237$w11L03$931445
=653  \0$aFarinelli$3331$020140237$w11L03$931610
=653  \0$aSpontini, G.$330$020140237$w11L03$936441
=653  \0$astemmutatie$3347-349$020140237$w11L03$936560
=653  \0$aFrans-Italiaans$3266, 267$020140237$w11L03$931874
=653  \0$afraseren$3203$020140237$w11L03$931895
=653  \0$aTartini$371, 72$020140237$w11L03$936748
=653  \0$atekstaccent$3200-203$020140237$w11L03$936778
=653  \0$atekstuitspraak$3215$020140237$w11L03$936786
=653  \0$atempo $3157, 199, 200, 203, 204, 207-209, 306$020140237$w11L03$936815
=653  \0$aGluck$3261-271$020140237$w11L03$932235
=653  \0$atoevoegen van trillers etc. $3102, 233, 234$020140237$w11L03$936991
=653  \0$atransponeren$3105, 106$020140237$w11L03$937072
=653  \0$aGrétry$3239, 266$020140237$w11L03$932387
=653  \0$atrillers etc.$3233$020140237$w11L03$937146
=653  \0$aHändel, G.F._na dood$36, 11-13, 30, 98, 123, 195, 196, 325-340, 388$020140237$w11L03$932543
=653  \0$aHaydn, J.$3311$020140237$w11L03$932639
=653  \0$ainterpretatie$3197-210, 229-235, 367$020140237$w11L03$933100
=653  \0$ajongensalt$3154$020140237$w11L03$933240
=653  \0$aWeber, C. M. v.$3165-174, 318$020140237$w11L03$937881
=653  \0$awonderkind$3122, 123$020140237$w11L03$938047
=653  \0$azuiverheid$3200$020140237$w11L03$938176
=653  \0$aZwolle$3258-260$020140237$w11L03$938200
=653  \0$aRameau, J.P.$3266$020140237$w11L03$938224
=653  \0$aReicha, A.$3226, 227$020140237$w11L03$938334
=653  \0$arepeteren$3282$020140237$w11L03$938377
=653  \0$akoor/orkestbezetting$36, 11, 98, 120, 121, 153, 154, 189, 334, 365$020140237$w11L03$933678
=653  \0$akoraal en tussenspel$3104, 107$020140237$w11L03$933703
=653  \0$akwint/oktaafparallellen$3147, 148$020140237$w11L03$933824
=653  \0$aRossini$3195, 368$020140237$w11L03$938572
=653  \0$aSalieri $3267$020140237$w11L03$938702
=653  \0$aLully$3266$020140237$w11L03$934271
=653  \0$aMendelssohn$330, 98, 99, 121, 224$020140237$w11L03$934650
=653  \0$amessa di voce$3199$020140237$w11L03$934702
=653  \0$aMeyerbeer$384-96$020140237$w11L03$934737
=653  \0$aMozart, W.A.$3123-130, 311, 344-346, 367$020140237$w11L03$934927
=653  \0$aMozart, W.A._Requiem$3123-130$020140237$w11L03$934934
=653  \\$acopieerfout$3143$020140237$w11L03$930721
=653  \\$aFodor$350$020140237$w11L03$931790
=653  \\$aKist, F.C.$384, 105, 107, 293 (=5), 346$020140237$w11L03$933430
=653  \\$amuziekautomaten$3237$020140237$w11L03$935067
=653  \\$aopbouw van koor$3133-143$020140237$w11L03$935405
=653  \\$aRitter von Seyfried$3293$020140237$w11L03$938476
=653  \\$astaartstuk$368$020140237$w11L03$936471
=653  \\$aStrauss, J.$3290-292$020140237$w11L03$936622
=653  \\$atoegangsprijs/entree$3122, 313$020140237$w11L03$936971
=653  \\$aveiling$3132$020140237$w11L03$937371
=653  \\$aViotti, J.J.$3293 (bijlage), 367$020140237$w11L03$937622
=653  \\$aWilms$350, 85, 157$020140237$w11L03$937981
=653  \\$aZoellner, C. H.$3227, 228$020140237$w11L03$938162
=942  \\$cPER
=952  \\$00$10$2ddc$40$6KTS_1_000000000000000_C2_70_11L03$70$8RAR$93324$aORPH$bORPH$cKTS1_C2$d2020-07-08$eKoopman$l0$oKTS1 C2.70 11L03$p20140237$r2021-01-12 00:00:00$w2021-01-12$yPER
=999  \\$d3324

