=LDR  01616aam a2200277   4500
=001  3325
=008  230215s1728\\\\||||||||\||||\00|\0\lat\d
=041  \\$alat
=100  \\$aHoratius$d65 BC-8 BC$4aut$1http://www.wikidata.org/entity/Q6197$94875
=245  \\$aQ. Horatius Flaccus, Ex recensione & cum notis atque ementationibus Richardi Bentleii
=250  \\$a3rd ed.
=260  \\$aAmsterdam$bWetsten$bSmith$c1728
=300  \\$a[xxii]-717-239 pages$bleather binding with gilt decorations and coat or arms, engraved frontispiece
=500  \\$aThe coat of arms supralibros is that of the City of Utrecht
=504  \\$aContains an index of Horace by Tretero, Aveman and Verburg (last 239 pages)
=561  \\$aEx libris C.A. Beele (bookplate inside cover) and S.C. van Musschenbroek (dedication letter in latin)

=648  \0$a18th Century (1701-1800)$1http://www.wikidata.org/entity/Q7015$920899
=648  \0$aClassical Antiquity (8th Century BC-6th Century AD)$1http://www.wikidata.org/entity/Q486761$921435
=650  \0$aPoetry$1http://www.wikidata.org/entity/Q482$93026
=650  \0$aClassical education$1http://www.wikidata.org/entity/Q5128321$94599
=651  \0$aUtrecht (Netherlands)$1http://www.wikidata.org/entity/Q803$9141
=700  \\$4edt$aBentley, Richard$d1662-1742$1http://www.wikidata.org/entity/Q712899$99890
=856  \\$uhttps://archive.org/details/bub_gb_Re6DbK6T4B4C$3Internet Archive
=942  \\$cBOO
=952  \\$00$10$2ddc$40$6KTS_1_000000000000000_C2_70_11L04$70$8RAR$93325$aORPH$bORPH$cKTS1_C2$d2020-07-08$eKoopman$l0$oKTS1 C2.70 11L04$p20140238$r2021-01-12 00:00:00$w2021-01-12$yBOO
=999  \\$d3325

