=LDR  01769acm a2200337   4500
=001  3329
=008  230216r18831605|||||l||\||||\00|\0\ita\d
=041  \\$aita
=059  \\$akbd
=245  \\$aDanze del secolo XVI trascritte in notazione moderna dalle opere Nobiltà di Dame e Le gratie d'amore
=260  \\$aMilan$bRicordi$c1883
=300  \\$a66 pages
=490  \\$aBiblioteca di rarità musicali$v1
=500  \\$aFabritio Caroso da Sermoneta (1526/1535-1605/1620) was an Italian Renaissance dancing master and a composer or transcriber of dance music.
=500  \\$aCesare Negri (c.1535-c.1605) was an Italian dancer and choreographer.
=500  \\$afacsimile of the title page
=501  \\$abound in with vol. 7 of the series
=561  \\$aEx libris G. le Cerf (stamp)
=648  \0$a16th Century (1501-1600)$1http://www.wikidata.org/entity/Q7017$920944
=648  \0$a17th Century (1601-1700)$1http://www.wikidata.org/entity/Q7016$920923
=648  \0$a19th Century (1801-1900)$1http://www.wikidata.org/entity/Q6955$920935
=650  \0$aInstrumental music$1http://www.wikidata.org/entity/Q639197$92106
=650  \0$aDance$1http://www.wikidata.org/entity/Q6034$924845
=651  \0$aItaly$1http://www.wikidata.org/entity/Q38$922
=700  \\$4chr$aCaroso, Fabritio$d1526-1605$1http://www.wikidata.org/entity/Q130984$97582
=700  \\$4chr$aNegri, Cesare$d1535-1604)$97583
=700  1\$4edt$aChilesotti, Oscar$d1848-1916$1http://www.wikidata.org/entity/Q3886400$97579
=856  \\$uhttps://books.google.be/books?id=HlLwHOK7T_IC$3Google Books
=942  \\$cSCO
=952  \\$00$10$2ddc$40$6KTS_1_000000000000000_C2_70_11L07B$70$8RAR$93329$aORPH$bORPH$cKTS1_C2$d2020-07-08$eKoopman$l0$oKTS1 C2.70 11L07b$p20140243b$r2021-01-12 00:00:00$w2021-01-12$ySCO
=999  \\$d3329

